3250 5109
788 447 886 536 11.-.

246 653 323 724 rent,
345 665 380 708 ea
400 654 429 708 et
449 650 513 722 ipsa
526 647 689 720 Phylarcho
710 646 854 705 adiudicat.
888 647 987 719 Neque
1008 646 1086 705 aliud
1107 650 1202 707 statuo
1224 648 1259 707 16
1280 648 1384 722 iniquis

246 750 367 821 iudiciis
390 766 463 823 quae
484 767 508 807 c.
534 751 571 806 14
603 735 730 819 (ἄλλως
765 778 800 789 -
835 740 984 821 γυναιξὶν
1015 754 1043 807 61
1072 734 1213 820 τοιαύτη
1234 745 1293 824 μὲν
1310 751 1384 824 sqq.)
1421 804 1423 809 .

246 856 276 909 et
300 851 337 908 52
361 852 405 921 (in
428 867 484 922 qno
505 850 601 909 oninia
617 849 676 908 eius
698 865 762 908 esse
784 864 885 908 censeo
907 851 1111 929 pauciquuae
1132 866 1160 921 p.
1181 852 1198 907 6
1219 867 1262 924 sq.
1280 851 1383 910 Hiero-

245 966 330 1022 nymo
352 949 542 1019 attribuimus
575 953 604 1007 et
626 950 792 1023 sententiis,
827 965 898 1024 quae
918 950 1015 1024 potius
1038 948 1185 1009 Plutarchi
1207 950 1296 1024 ipsius
1316 952 1382 1022 sint,

245 1051 387 1125 exceptis)
410 1051 446 1110 de
468 1052 616 1110 Demetrio
636 1048 715 1110 facta
737 1056 813 1108 sunt.
1116 1051 1119 1054 ’

326 1152 485 1211 Praeterea
507 1169 542 1210 cx
562 1153 612 1222 eis,
634 1167 708 1226 quae
729 1167 816 1223 snpra
837 1150 872 1210 dc
894 1151 1021 1216 ratione¹
1039 1155 1069 1209 et
1096 1154 1200 1210 natura
1228 1148 1384 1223 Phylarchi
1469 1196 1473 1203 .

243 1253 430 1312 historiarum
452 1252 578 1312 breviter
600 1253 805 1322 disseruimus,
837 1252 885 1323 viy
906 1247 1023 1309 dubium
1045 1250 1114 1308 mihi
1136 1256 1195 1322 est,
1229 1252 1298 1324 quin
1318 1251 1385 1310 inde

245 1355 303 1412 sint
323 1359 447 1429 sumpta)
467 1371 540 1428 quae
561 1353 599 1412 ad
621 1353 730 1410 animos
752 1351 968 1410 commovendos
990 1353 1147 1424 composita
1168 1367 1192 1407 c.
1215 1353 1232 1408 9
1255 1351 1291 1409 dc
1314 1350 1384 1410 Ora·

245 1453 372 1526 tesipoli‚v
391 1470 416 1512 c.
443 1457 479 1511 17
503 1453 538 1512 16
560 1454 681 1512 victoria
704 1453 739 1511 ab
762 1451 944 1511 Aristodemo
966 1452 1111 1521 nuntiata,
1135 1468 1158 1509 a.
1183 1451 1384 1510 11161111-

245 1555 312 1628 goni
333 1553 465 1615 Gonatae
497 1556 574 1612 luctu
596 1554 688 1626 deque
713 1569 818 1625 pompa
839 1550 952 1611 funebri
974 1551 1088 1625 tradita
1104 1549 1213 1623 sunt).
1255 1551 1384 1625 Denique

246 1672 270 1713 c.
291 1657 426 1725 41-44,
458 1657 487 1712 in
509 1654 609 1727 quibus
632 1654 669 1713 de
691 1654 871 1726 expeditione
893 1669 911 1712 a
932 1654 1080 1711 Demetrio
1103 1654 1133 1710 tn
1155 1652 1299 1711 Aetoliam
1320 1669 1382 1712 sus-

244 1760 328 1829 cepta
349 1754 389 1829 (a.
414 1754 499 1825 289),
523 1754 559 1812 16
581 1754 781 1825 simultatibus,
805 1771 877 1826 quae
899 1753 992 1811 eidem
1013 1770 1077 1811 cnm
1099 1753 1211 1825 Pyrrho
1234 1759 1325 1824 crant,
1348 1754 1383 1812 de

243 1858 376 1928 ratione,
409 1873 465 1929 qua
497 1855 661 1914 Demetrius
691 1870 817 1929 eregno
850 1852 1038 1913 Macedonico
1071 1855 1179 1912 eiectus
1212 1859 1256 1911 est
1289 1855 1383 1924 (Maio

243 1972 340 2015 mense
361 1973 387 2015 a.
411 1950 496 2034 281),
519 1958 624 2030 agitur,
647 1955 748 2028 quibus
769 1953 856 2013 rebus
876 1957 965 2028 gestis
987 1955 1127 2028 plurimae
1149 1955 1383 2014 narratiunculae

244 2061 273 2116 et
293 2057 391 2130 iniqua
412 2057 518 2115 iudicia
540 2057 574 2115 de
596 2055 743 2113 Demetrio
775 2053 852 2114 facta
873 2056 982 2114 inserta
1003 2060 1081 2127 sunt,
1114 2061 1143 2114 et
1164 2057 1229 2128 ipsa
1250 2073 1285 2115 ex
1306 2055 1382 2129 Phy-

242 2158 333 2217 larchi
354 2158 480 2216 historiis
501 2158 593 2231 petita
615 2173 676 2215 esse
698 2156 778 2216 nobis
792 2150 916 2225 videri²)
940 2173 974 2214 ex
995 2156 1045 2229 611,
1067 2172 1141 2229 quae
1162 2170 1258 2229 supra·
1273 2159 1315 2231 (p.
1333 2158 1381 2228 32,

198 2472 207 2491 ²
300 2491 333 2560 '¹)
353 2491 442 2547 Etiam
461 2509 483 2546 c.
502 2491 537 2547 38
564 2493 660 2564 συνέβη
679 2483 731 2565 peip
750 2508 807 2563 sqq.
825 2493 860 2547 ad
878 2494 1055 2562 Phylarchum
1073 2509 1255 2550 revocaveram
1273 2496 1384 2564 quodam

241 2578 316 2633 modo
334 2581 419 2635 verbis
439 2576 473 2645 ὣς
491 2586 555 2632 ἔοικε
574 2587 600 2636 61
617 2583 722 2653 λέγουσι
741 2586 897 2651 commotns3
915 2582 961 2636 sed
978 2583 1065 2637 nescio
1082 2597 1117 2636 an
1134 2583 1292 2650 Hieronymo
1308 2585 1383 2639 attri-

240 2666 343 2720 buenda
359 2667 395 2721 sit
412 2682 443 2721 aa
461 2668 595 2722 namatio:
622 2668 644 2720 si
663 2666 768 2735 quidem
785 2673 856 2722 recte
881 2668 1002 2723 observat
1019 2668 1122 2724 Reuss
1141 2671 1178 2738 (p.
1198 2668 1259 2739 138)
1285 2671 1382 2727 eisdem

242 2752 298 2806 fere
316 2752 401 2807 verbis
418 2769 474 2808 eam
492 2756 561 2823 App.
579 2755 637 2824 Syr.
657 2771 679 2809 c.
698 2755 801 2809 59-61
820 2755 896 2825 tradi,
922 2755 990 2810 idem
1020 2756 1057 2824 (p.
1078 2755 1128 2811 147
1146 2760 1172 2811 et
1188 2757 1222 2811 43
1241 2757 1311 2826 sqq.)
1329 2759 1382 2826 Ap·
1469 2832 1471 2837 Ι

240 2840 345 2907 pianum
363 2839 389 2893 in
406 2840 485 2895 rebus
507 2842 586 2907 gestis
611 2841 725 2910 Syriacis
750 2843 901 2897 enarrandis
918 2843 1032 2900 maxime
1049 2843 1234 2913 Hieronymum
1250 2849 1382 2899 auctorem

239 2931 355 2983 secutum
378 2941 443 2982 esse.

310 3014 330 3085 ²)
350 3013 478 3082 Quoniam
494 3020 580 3070 autem
598 3030 655 3069 cum
681 3015 756 3069 Dem.
774 3032 796 3069 c.
814 3015 857 3081 41,
876 3014 919 3087 43,
936 3015 971 3069 44
997 3020 1089 3084 aperte
1114 3022 1259 3084 congruunt
1285 3018 1379 3087 Pyrrh.

241 3119 262 3157 ct
284 3103 299 3156 7
318 3098 466 3175 Δημήτριος
484 3107 530 3175 μὲν
549 3115 605 3171 sqq.
625 3102 676 3156 -8
694 3094 742 3154 111
759 3093 934 3174 Ἀλέξανδρον,
953 3119 975 3156 6.
990 3102 1023 3156 10
1036 3095 1116 3176 ὀλίγῳ
1135 3134 1168 3143 -
1187 3103 1241 3157 fere
1260 3103 1384 3177 διαγωνί-

241 3192 399 3259 ouodaa,c.
419 3190 451 3244 11
473 3190 565 3242 ταῦτα
583 3182 652 3264 πρὸς
669 3220 703 3230 -
721 3193 818 3263 ἔρημον
835 3196 862 3244 61
879 3186 964 3263 τάχει
991 3219 1025 3229 —-
1052 3206 1074 3243 c.
1094 3190 1127 3243 12
1154 3182 1222 3262 πρός
1239 3184 1380 3264 ἀλλήλους,

241 3275 305 3332 haec
323 3279 424 3347 etipsa
442 3294 474 3332 ex
492 3277 635 3346 Phylarchi
661 3278 778 3333 historiis
798 3282 901 3346 sumpta
919 3293 976 3332 esse
993 3282 1089 3332 statuo
1133 3278 1181 3333 Cui
1198 3280 1314 3348 opinioni
1330 3296 1382 3335 uon

239 3364 333 3435 obstat,
352 3365 420 3433 quod
438 3365 615 3435 Phylarchum
643 3366 670 3419 in
697 3370 813 3420 extrema
840 3364 935 3432 Pyrrhi
957 3365 1011 3418 vita
1036 3395 1071 3404 -
1099 3366 1216 3420 emedio
1234 3367 1288 3421 fere
1307 3383 1328 3420 c.
1347 3368 1381 3422 26

239 3464 320 3518 usqae
338 3452 370 3505 ad
389 3453 457 3507 vitae
475 3451 554 3506 finem
572 3452 616 3522 (cf.
634 3455 741 3521 praeter
759 3451 826 3506 alios
843 3452 965 3505 Miller
981 3452 1002 3514 l,
1021 3451 1135 3505 LXXXI
1154 3457 1181 3506 et
1199 3453 1380 3509 Mlillemei-

238 3543 305 3591 ster
324 3555 349 3606 p.
368 3537 402 3592 27
420 3555 492 3608 sqq.;
521 3554 605 3608 nuper
623 3554 683 3593 vero
701 3540 809 3595 Reuss
828 3554 854 3607 p.
876 3538 927 3592 142
945 3553 1002 3607 sqq.
1021 3538 1153 3593 contendit
1171 3554 1188 3592 a
1208 3555 1229 3592 c.
1249 3540 1283 3594 29
1302 3555 1382 3609 usque

239 3623 273 3676 ad
291 3623 369 3677 finem
386 3625 563 3681 Plutarchum
590 3627 635 3681 611Ι
649 3628 807 3696 Hieronymo
834 3625 962 3693 hausisse)
988 3655 1031 3695 -‚
1058 3625 1102 3679 uhi
1128 3626 1264 3682 Plutarchi
1290 3634 1381 3683 auctor

238 3711 318 3765 fuisse
336 3710 391 3764 iere
408 3717 523 3783 putatur,
551 3714 667 3783 iniquius
696 3714 728 3770 de
745 3714 845 3784 Pyrrho
871 3712 999 3767 iudicasse
1026 3714 1156 3781 quispiam
1184 3714 1267 3784 dicat3
1294 3732 1380 3786 neque

238 3798 307 3852 enim
325 3797 367 3851 his
385 3797 482 3853 iudicia
500 3816 534 3854 ex
551 3801 644 3871 Pyrrh.
669 3818 691 3857 c
711 3800 796 3857 7-12
824 3800 930 3855 laudata
957 3800 1129 3869 refragantur.
1174 3803 1242 3858 Nam
1258 3803 1312 3858 illic
1328 3821 1380 3859 non

238 3886 424 3956 praedicantur
442 3887 493 3940 nisi
509 3886 604 3957 Pyrrhi
621 3890 732 3958 insignis
749 3887 874 3943 fortitudo
905 3888 1069 3958 impetusque
1085 3889 1112 3942 in
1129 3889 1225 3957 proelio
1242 3897 1269 3945 et
1286 3891 1379 3961 gloria,

238 3988 315 4041 qnam
335 3974 373 4028 eis
391 3973 532 4030 virtutibus
549 3974 599 4029 sibi
615 3978 757 4044 paraverit,
783 3980 922 4045 praeterea
940 3975 1068 4044 celeritas,
1095 3977 1190 4047 vultus,
1216 3984 1301 4033 motus
1319 3979 1378 4034 Ale·
1467 4020 1475 4033 .

240 4060 334 4116 xandri
351 4061 459 4117 similes.
495 4062 531 4116 At
549 4063 721 4119 mansuetudo
738 4064 909 4132 Epirotarum
925 4063 1010 4132 regis,
1029 4078 1095 4131 quae
1111 4070 1277 4134 memoratur,
1296 4065 1398 4133 qualis

241 4149 329 4218 fuerit,
348 4149 424 4204 iacile
442 4163 582 4218 cognoscas
599 4165 632 4204 ex
649 4167 671 4208 c.
691 4153 733 4218 11,
757 4150 826 4205 unde
843 4155 953 4218 apparet
970 4166 1028 4204 eam
1045 4167 1098 4204 non
1115 4152 1254 4223 sinceram,
1282 4153 1327 4206 sed
1345 4153 1379 4208 11

240 4238 268 4291 11
286 4236 371 4291 solum
389 4237 557 4306 compositam
574 4235 669 4309 fuisse,
697 4245 726 4293 ut
750 4238 821 4293 fama
848 4237 1017 4293 humanitatis
1041 4235 1165 4292 adversus
1183 4241 1300 4307 captivos
1317 4256 1380 4295 suae

241 4324 372 4393 divulgata
383 4323 510 4380 Demetrii
527 4321 623 4379 milites
641 4325 675 4380 ad
690 4339 778 4395 regem
791 4325 964 4381 deserendum
981 4324 1140 4394 impelleret;
1160 4341 1227 4395 quae
1246 4343 1288 4382 res
1300 4328 1377 4383 ctiam

241 4410 335 4467 clarior
346 4427 377 4468 eo
389 4411 427 4477 fit,
445 4411 513 4481 quod
523 4411 639 4481 Pyrrhus
655 4412 736 4470 falsos
747 4413 931 4480 simmatosque
940 4412 1096 4468 Macedones
1113 4415 1141 4469 in
1158 4415 1273 4469 hostium
1291 4423 1378 4471 castra

241 4498 342 4554 misisse
358 4497 452 4553 dicitur
468 4499 611 4556 aduersarii
630 4502 721 4573 copias
738 4502 766 4558 in
784 4515 845 4560 suas
856 4505 946 4570 partes
963 4500 1139 4557 hadueturos.
1158 4502 1273 4556 Tantum
1290 4508 1378 4558 autem

1254 4593 1291 4629 qs
