<?xml version="1.0" encoding="UTF-8"?>
<!DOCTYPE html PUBLIC "-//W3C//DTD XHTML 1.0 Transitional//EN"
    "http://www.w3.org/TR/xhtml1/DTD/xhtml1-transitional.dtd">
<html xmlns="http://www.w3.org/1999/xhtml" xml:lang="en" lang="en">
 <head>
  <title>
</title>
<meta http-equiv="Content-Type" content="text/html;charset=utf-8" />
  <meta name='ocr-system' content='tesseract 3.04.00' />
  <meta name='ocr-capabilities' content='ocr_page ocr_carea ocr_par ocr_line ocrx_word'/>
</head>
<body>
  <div class='ocr_page' id='page_1' title='image "./quibusfontibusp00moergoog_0012.png"; bbox 0 0 3250 5109; ppageno 0'>
   <div class='ocr_carea' id='block_1_1' title="bbox 753 378 928 472">
    <p class='ocr_par' dir='ltr' id='par_1_1' title="bbox 753 378 928 472">
     <span class='ocr_line' id='line_1_1' title="bbox 753 378 928 472; baseline 0 -89"><span class='ocrx_word' id='word_1_1' title='bbox 753 378 928 472; x_wconf 56' lang='grc'>,6,</span> 
     </span>
    </p>
   </div>
   <div class='ocr_carea' id='block_1_2' title="bbox 307 604 1456 2090">
    <p class='ocr_par' dir='ltr' id='par_1_2' title="bbox 307 604 1456 2090">
     <span class='ocr_line' id='line_1_2' title="bbox 309 604 1454 697; baseline -0.001 -21"><span class='ocrx_word' id='word_1_2' title='bbox 309 618 391 697; x_wconf 83' lang='grc' dir='ltr'>ΧΧΙ,</span> <span class='ocrx_word' id='word_1_3' title='bbox 413 633 486 690; x_wconf 91' lang='lat' dir='ltr'>quae</span> <span class='ocrx_word' id='word_1_4' title='bbox 508 617 545 676; x_wconf 89' lang='lat' dir='ltr'>ad</span> <span class='ocrx_word' id='word_1_5' title='bbox 566 616 640 677; x_wconf 88' lang='lat' dir='ltr'>hane</span> <span class='ocrx_word' id='word_1_6' title='bbox 662 616 859 686; x_wconf 87' lang='lat' dir='ltr'>quaestionem</span> <span class='ocrx_word' id='word_1_7' title='bbox 880 616 1038 686; x_wconf 88' lang='lat' dir='ltr'>pertinent.</span> <span class='ocrx_word' id='word_1_8' title='bbox 1091 604 1203 687; x_wconf 76' lang='lat' dir='ltr'>Quoia</span> <span class='ocrx_word' id='word_1_9' title='bbox 1224 613 1301 672; x_wconf 92' lang='lat' dir='ltr'>libro</span> <span class='ocrx_word' id='word_1_10' title='bbox 1324 615 1392 686; x_wconf 91' lang='lat' dir='ltr'>quin</span> <span class='ocrx_word' id='word_1_11' title='bbox 1415 615 1454 675; x_wconf 88' lang='lat' dir='ltr'>de</span> 
     </span>
     <span class='ocr_line' id='line_1_3' title="bbox 308 711 1451 786; baseline -0.003 -10"><span class='ocrx_word' id='word_1_12' title='bbox 308 717 396 776; x_wconf 90' lang='lat' dir='ltr'>rebus</span> <span class='ocrx_word' id='word_1_13' title='bbox 419 719 448 776; x_wconf 93' lang='lat' dir='ltr'>in</span> <span class='ocrx_word' id='word_1_14' title='bbox 470 718 530 777; x_wconf 89' lang='lat' dir='ltr'>vita</span> <span class='ocrx_word' id='word_1_15' title='bbox 548 716 690 776; x_wconf 81' lang='lat' dir='ltr'>Demetrii</span> <span class='ocrx_word' id='word_1_16' title='bbox 712 716 854 774; x_wconf 88' lang='lat' dir='ltr'>enarratis</span> <span class='ocrx_word' id='word_1_17' title='bbox 874 715 998 772; x_wconf 83' lang='lat' dir='ltr'>maxime</span> <span class='ocrx_word' id='word_1_18' title='bbox 1018 713 1102 782; x_wconf 87' lang='lat' dir='ltr'>idem,</span> <span class='ocrx_word' id='word_1_19' title='bbox 1126 714 1175 786; x_wconf 92' lang='lat' dir='ltr'>qui</span> <span class='ocrx_word' id='word_1_20' title='bbox 1196 719 1290 785; x_wconf 86' lang='lat' dir='ltr'>antea,</span> <span class='ocrx_word' id='word_1_21' title='bbox 1313 711 1379 773; x_wconf 87' lang='lat' dir='ltr'>fons</span> <span class='ocrx_word' id='word_1_22' title='bbox 1400 716 1451 773; x_wconf 87' lang='lat' dir='ltr'>ad-</span> 
     </span>
     <span class='ocr_line' id='line_1_4' title="bbox 309 812 1455 891; baseline -0.003 -14"><span class='ocrx_word' id='word_1_23' title='bbox 309 817 415 877; x_wconf 90' lang='lat' dir='ltr'>hibitus</span> <span class='ocrx_word' id='word_1_24' title='bbox 436 819 483 891; x_wconf 84' lang='lat' dir='ltr'>sit,</span> <span class='ocrx_word' id='word_1_25' title='bbox 506 823 643 885; x_wconf 84' lang='lat' dir='ltr'>nonest,</span> <span class='ocrx_word' id='word_1_26' title='bbox 673 832 724 875; x_wconf 90' lang='lat' dir='ltr'>cur</span> <span class='ocrx_word' id='word_1_27' title='bbox 746 815 916 874; x_wconf 79' lang='lat' dir='ltr'>dubitemne.</span> <span class='ocrx_word' id='word_1_28' title='bbox 959 812 1087 872; x_wconf 89' lang='lat' dir='ltr'>Primum</span> <span class='ocrx_word' id='word_1_29' title='bbox 1117 814 1229 886; x_wconf 90' lang='lat' dir='ltr'>utrique</span> <span class='ocrx_word' id='word_1_30' title='bbox 1259 815 1394 887; x_wconf 84' lang='lat' dir='ltr'>scriptori</span> <span class='ocrx_word' id='word_1_31' title='bbox 1416 815 1455 873; x_wconf 93' lang='lat' dir='ltr'>de</span> 
     </span>
     <span class='ocr_line' id='line_1_5' title="bbox 308 912 1450 992; baseline -0.003 -16"><span class='ocrx_word' id='word_1_32' title='bbox 308 934 406 992; x_wconf 86' lang='lat' dir='ltr'>pugna</span> <span class='ocrx_word' id='word_1_33' title='bbox 427 918 503 991; x_wconf 88' lang='lat' dir='ltr'>apud</span> <span class='ocrx_word' id='word_1_34' title='bbox 524 919 623 992; x_wconf 90' lang='lat' dir='ltr'>Ipsum</span> <span class='ocrx_word' id='word_1_35' title='bbox 651 916 803 975; x_wconf 87' lang='lat' dir='ltr'>commissa</span> <span class='ocrx_word' id='word_1_36' title='bbox 833 915 963 984; x_wconf 80' lang='lat' dir='ltr'>(circiter</span> <span class='ocrx_word' id='word_1_37' title='bbox 984 919 1094 972; x_wconf 83' lang='lat' dir='ltr'>aestate</span> <span class='ocrx_word' id='word_1_38' title='bbox 1117 930 1143 972; x_wconf 85' lang='lat' dir='ltr'>a.</span> <span class='ocrx_word' id='word_1_39' title='bbox 1168 912 1242 983; x_wconf 86' lang='lat'>301)</span> <span class='ocrx_word' id='word_1_40' title='bbox 1273 931 1450 974; x_wconf 87' lang='lat' dir='ltr'>communem</span> 
     </span>
     <span class='ocr_line' id='line_1_6' title="bbox 309 1014 1451 1086; baseline -0.002 -12"><span class='ocrx_word' id='word_1_41' title='bbox 309 1016 417 1078; x_wconf 84' lang='lat' dir='ltr'>iontem</span> <span class='ocrx_word' id='word_1_42' title='bbox 438 1014 525 1076; x_wconf 86' lang='lat' dir='ltr'>fuisse</span> <span class='ocrx_word' id='word_1_43' title='bbox 545 1017 606 1076; x_wconf 81' lang='lat' dir='ltr'>veri</span> <span class='ocrx_word' id='word_1_44' title='bbox 628 1016 718 1074; x_wconf 88' lang='lat' dir='ltr'>simile</span> <span class='ocrx_word' id='word_1_45' title='bbox 740 1020 792 1084; x_wconf 88' lang='lat' dir='ltr'>est,</span> <span class='ocrx_word' id='word_1_46' title='bbox 816 1032 880 1074; x_wconf 91' lang='lat' dir='ltr'>cum</span> <span class='ocrx_word' id='word_1_47' title='bbox 902 1014 1002 1073; x_wconf 90' lang='lat' dir='ltr'>eodem</span> <span class='ocrx_word' id='word_1_48' title='bbox 1024 1029 1143 1086; x_wconf 84' lang='lat' dir='ltr'>prorsus</span> <span class='ocrx_word' id='word_1_49' title='bbox 1164 1014 1249 1073; x_wconf 88' lang='lat' dir='ltr'>modo</span> <span class='ocrx_word' id='word_1_50' title='bbox 1271 1016 1368 1074; x_wconf 90' lang='lat' dir='ltr'>multis</span> <span class='ocrx_word' id='word_1_51' title='bbox 1390 1016 1451 1074; x_wconf 88' lang='lat' dir='ltr'>vul-</span> 
     </span>
     <span class='ocr_line' id='line_1_7' title="bbox 308 1108 1452 1190; baseline -0.003 -14"><span class='ocrx_word' id='word_1_52' title='bbox 308 1115 425 1176; x_wconf 88' lang='lat' dir='ltr'>neribus</span> <span class='ocrx_word' id='word_1_53' title='bbox 448 1116 484 1175; x_wconf 93' lang='lat' dir='ltr'>ob</span> <span class='ocrx_word' id='word_1_54' title='bbox 504 1117 566 1175; x_wconf 89' lang='lat' dir='ltr'>tela</span> <span class='ocrx_word' id='word_1_55' title='bbox 586 1117 715 1175; x_wconf 90' lang='lat' dir='ltr'>immissa</span> <span class='ocrx_word' id='word_1_56' title='bbox 735 1115 913 1188; x_wconf 86' lang='lat' dir='ltr'>Antigonum</span> <span class='ocrx_word' id='word_1_57' title='bbox 934 1114 1068 1174; x_wconf 88' lang='lat' dir='ltr'>cecidisse</span> <span class='ocrx_word' id='word_1_58' title='bbox 1097 1114 1215 1172; x_wconf 86' lang='lat' dir='ltr'>tradant</span> <span class='ocrx_word' id='word_1_59' title='bbox 1243 1108 1340 1190; x_wconf 82' lang='lat' dir='ltr'>(Dem.</span> <span class='ocrx_word' id='word_1_60' title='bbox 1364 1133 1389 1174; x_wconf 88' lang='lat' dir='ltr'>c.</span> <span class='ocrx_word' id='word_1_61' title='bbox 1412 1117 1452 1173; x_wconf 84' lang='grc'>29</span> 
     </span>
     <span class='ocr_line' id='line_1_8' title="bbox 309 1200 1452 1290; baseline -0.003 -15"><span class='ocrx_word' id='word_1_62' title='bbox 309 1213 437 1275; x_wconf 77' lang='grc' dir='ltr'><strong><em>πολλῶν</em></strong></span> <span class='ocrx_word' id='word_1_63' title='bbox 458 1200 713 1289; x_wconf 67' lang='grc' dir='ltr'>ἀκοντισμάτων</span> <span class='ocrx_word' id='word_1_64' title='bbox 734 1231 804 1287; x_wconf 77' lang='lat' dir='ltr'>sqq,</span> <span class='ocrx_word' id='word_1_65' title='bbox 826 1213 913 1273; x_wconf 89' lang='lat' dir='ltr'>Diod.</span> <span class='ocrx_word' id='word_1_66' title='bbox 935 1215 1006 1273; x_wconf 86' lang='lat' dir='ltr'>XXI</span> <span class='ocrx_word' id='word_1_67' title='bbox 1027 1214 1081 1289; x_wconf 86' lang='lat' dir='ltr'>frg.</span> <span class='ocrx_word' id='word_1_68' title='bbox 1097 1216 1120 1290; x_wconf 87' lang='lat' dir='ltr'>I,</span> <span class='ocrx_word' id='word_1_69' title='bbox 1144 1217 1164 1270; x_wconf 86' lang='grc'>4</span> <span class='ocrx_word' id='word_1_70' title='bbox 1185 1215 1231 1274; x_wconf 92' lang='lat' dir='ltr'>ed.</span> <span class='ocrx_word' id='word_1_71' title='bbox 1253 1214 1352 1274; x_wconf 88' lang='lat' dir='ltr'>Didot.</span> <span class='ocrx_word' id='word_1_72' title='bbox 1374 1211 1452 1273; x_wconf 79' lang='lat' dir='ltr'>ruoi-</span> 
     </span>
     <span class='ocr_line' id='line_1_9' title="bbox 308 1311 1452 1394; baseline -0.001 -20"><span class='ocrx_word' id='word_1_73' title='bbox 308 1313 381 1384; x_wconf 79' lang='grc' dir='ltr'><strong><em>λοῐς</em></strong></span> <span class='ocrx_word' id='word_1_74' title='bbox 402 1311 514 1394; x_wconf 75' lang='grc' dir='ltr'><em>βέλεσι</em></span> <span class='ocrx_word' id='word_1_75' title='bbox 535 1316 622 1390; x_wconf 82' lang='lat' dir='ltr'>sqq).</span> <span class='ocrx_word' id='word_1_76' title='bbox 665 1315 755 1387; x_wconf 90' lang='lat' dir='ltr'>Item,</span> <span class='ocrx_word' id='word_1_77' title='bbox 786 1330 850 1372; x_wconf 90' lang='lat' dir='ltr'>cum</span> <span class='ocrx_word' id='word_1_78' title='bbox 871 1315 948 1386; x_wconf 90' lang='lat' dir='ltr'>apud</span> <span class='ocrx_word' id='word_1_79' title='bbox 969 1315 1155 1374; x_wconf 83' lang='lat' dir='ltr'>Plutarchum</span> <span class='ocrx_word' id='word_1_80' title='bbox 1178 1316 1218 1385; x_wconf 89' lang='lat' dir='ltr'>(o.</span> <span class='ocrx_word' id='word_1_81' title='bbox 1240 1316 1294 1384; x_wconf 82' lang='lat'>29)</span> <span class='ocrx_word' id='word_1_82' title='bbox 1326 1317 1452 1374; x_wconf 86' lang='lat' dir='ltr'>maxime</span> 
     </span>
     <span class='ocr_line' id='line_1_10' title="bbox 308 1413 1454 1491; baseline -0.001 -16"><span class='ocrx_word' id='word_1_83' title='bbox 308 1417 456 1491; x_wconf 83' lang='lat' dir='ltr'>elephanti</span> <span class='ocrx_word' id='word_1_84' title='bbox 476 1418 554 1475; x_wconf 89' lang='lat' dir='ltr'>inter</span> <span class='ocrx_word' id='word_1_85' title='bbox 575 1417 753 1476; x_wconf 87' lang='lat' dir='ltr'>Demetrium</span> <span class='ocrx_word' id='word_1_86' title='bbox 775 1419 804 1472; x_wconf 91' lang='lat' dir='ltr'>et</span> <span class='ocrx_word' id='word_1_87' title='bbox 826 1414 939 1486; x_wconf 88' lang='lat' dir='ltr'>pedites</span> <span class='ocrx_word' id='word_1_88' title='bbox 968 1431 999 1474; x_wconf 88' lang='lat' dir='ltr'>se</span> <span class='ocrx_word' id='word_1_89' title='bbox 1019 1413 1246 1489; x_wconf 84' lang='lat' dir='ltr'>interponentes</span> <span class='ocrx_word' id='word_1_90' title='bbox 1266 1416 1342 1474; x_wconf 90' lang='lat' dir='ltr'>illius</span> <span class='ocrx_word' id='word_1_91' title='bbox 1363 1415 1454 1475; x_wconf 86' lang='lat' dir='ltr'>cladis</span> 
     </span>
     <span class='ocr_line' id='line_1_11' title="bbox 308 1509 1453 1593; baseline -0.001 -17"><span class='ocrx_word' id='word_1_92' title='bbox 308 1533 397 1576; x_wconf 90' lang='lat' dir='ltr'>causa</span> <span class='ocrx_word' id='word_1_93' title='bbox 417 1518 549 1578; x_wconf 90' lang='lat' dir='ltr'>dicantur</span> <span class='ocrx_word' id='word_1_94' title='bbox 570 1533 639 1586; x_wconf 88' lang='lat' dir='ltr'>esse,</span> <span class='ocrx_word' id='word_1_95' title='bbox 661 1517 748 1574; x_wconf 91' lang='lat' dir='ltr'>etiam</span> <span class='ocrx_word' id='word_1_96' title='bbox 759 1514 903 1575; x_wconf 91' lang='lat' dir='ltr'>Diodorus</span> <span class='ocrx_word' id='word_1_97' title='bbox 919 1509 1003 1593; x_wconf 90' lang='lat' dir='ltr'>(XXl</span> <span class='ocrx_word' id='word_1_98' title='bbox 1019 1513 1074 1588; x_wconf 83' lang='lat' dir='ltr'>frg.</span> <span class='ocrx_word' id='word_1_99' title='bbox 1089 1520 1115 1586; x_wconf 91' lang='lat'>1,</span> <span class='ocrx_word' id='word_1_100' title='bbox 1127 1511 1170 1591; x_wconf 81' lang='lat'>2),</span> <span class='ocrx_word' id='word_1_101' title='bbox 1193 1518 1294 1588; x_wconf 89' lang='lat' dir='ltr'>quanti</span> <span class='ocrx_word' id='word_1_102' title='bbox 1315 1519 1453 1576; x_wconf 88' lang='lat' dir='ltr'>momenti</span> 
     </span>
     <span class='ocr_line' id='line_1_12' title="bbox 309 1616 1454 1689; baseline -0.002 -14"><span class='ocrx_word' id='word_1_103' title='bbox 309 1617 458 1689; x_wconf 88' lang='lat' dir='ltr'>elephanti</span> <span class='ocrx_word' id='word_1_104' title='bbox 487 1618 622 1677; x_wconf 86' lang='lat' dir='ltr'>certatim</span> <span class='ocrx_word' id='word_1_105' title='bbox 659 1616 808 1675; x_wconf 87' lang='lat' dir='ltr'>audaciam</span> <span class='ocrx_word' id='word_1_106' title='bbox 848 1621 878 1674; x_wconf 91' lang='lat' dir='ltr'>et</span> <span class='ocrx_word' id='word_1_107' title='bbox 910 1617 968 1673; x_wconf 84' lang='lat' dir='ltr'>uim</span> <span class='ocrx_word' id='word_1_108' title='bbox 1000 1631 1080 1674; x_wconf 90' lang='lat' dir='ltr'>suam</span> <span class='ocrx_word' id='word_1_109' title='bbox 1120 1621 1303 1689; x_wconf 83' lang='lat' dir='ltr'>praestantes</span> <span class='ocrx_word' id='word_1_110' title='bbox 1333 1616 1454 1687; x_wconf 87' lang='lat' dir='ltr'>fuerint,</span> 
     </span>
     <span class='ocr_line' id='line_1_13' title="bbox 307 1716 1452 1790; baseline -0.001 -15"><span class='ocrx_word' id='word_1_111' title='bbox 307 1722 458 1776; x_wconf 88' lang='lat' dir='ltr'>memorat.</span> <span class='ocrx_word' id='word_1_112' title='bbox 500 1719 595 1790; x_wconf 85' lang='lat' dir='ltr'>Atque</span> <span class='ocrx_word' id='word_1_113' title='bbox 625 1716 701 1789; x_wconf 87' lang='lat' dir='ltr'>apud</span> <span class='ocrx_word' id='word_1_114' title='bbox 731 1722 883 1788; x_wconf 88' lang='lat' dir='ltr'>utrumque</span> <span class='ocrx_word' id='word_1_115' title='bbox 914 1717 1082 1788; x_wconf 89' lang='lat' dir='ltr'>scriptorem</span> <span class='ocrx_word' id='word_1_116' title='bbox 1115 1721 1183 1774; x_wconf 90' lang='lat' dir='ltr'>ante</span> <span class='ocrx_word' id='word_1_117' title='bbox 1213 1732 1340 1789; x_wconf 87' lang='lat' dir='ltr'>pugnam</span> <span class='ocrx_word' id='word_1_118' title='bbox 1371 1717 1452 1775; x_wconf 88' lang='lat' dir='ltr'>illam</span> 
     </span>
     <span class='ocr_line' id='line_1_14' title="bbox 309 1817 1454 1903; baseline -0.002 -27"><span class='ocrx_word' id='word_1_119' title='bbox 309 1817 527 1894; x_wconf 83' lang='lat' dir='ltr'>describendam</span> <span class='ocrx_word' id='word_1_120' title='bbox 551 1818 682 1877; x_wconf 90' lang='lat' dir='ltr'>similiter</span> <span class='ocrx_word' id='word_1_121' title='bbox 703 1817 810 1876; x_wconf 90' lang='lat' dir='ltr'>dicitur</span> <span class='ocrx_word' id='word_1_122' title='bbox 832 1817 994 1903; x_wconf 82' lang='lat' dir='ltr'>Antigonus</span> <span class='ocrx_word' id='word_1_123' title='bbox 1019 1817 1107 1873; x_wconf 91' lang='lat' dir='ltr'>nimia</span> <span class='ocrx_word' id='word_1_124' title='bbox 1133 1817 1273 1889; x_wconf 88' lang='lat' dir='ltr'>regnandi</span> <span class='ocrx_word' id='word_1_125' title='bbox 1293 1817 1454 1888; x_wconf 85' lang='lat' dir='ltr'>cupiditate</span> 
     </span>
     <span class='ocr_line' id='line_1_15' title="bbox 307 1912 1453 1993; baseline -0.005 -18"><span class='ocrx_word' id='word_1_126' title='bbox 307 1933 428 1993; x_wconf 89' lang='lat' dir='ltr'>reguum</span> <span class='ocrx_word' id='word_1_127' title='bbox 450 1935 533 1977; x_wconf 91' lang='lat' dir='ltr'>suum</span> <span class='ocrx_word' id='word_1_128' title='bbox 554 1917 713 1990; x_wconf 84' lang='lat' dir='ltr'>perdidisse</span> <span class='ocrx_word' id='word_1_129' title='bbox 736 1916 834 1988; x_wconf 86' lang='lat' dir='ltr'>(Deru.</span> <span class='ocrx_word' id='word_1_130' title='bbox 856 1935 881 1976; x_wconf 90' lang='lat' dir='ltr'>o.</span> <span class='ocrx_word' id='word_1_131' title='bbox 903 1918 942 1973; x_wconf 82' lang='lat'>28</span> <span class='ocrx_word' id='word_1_132' title='bbox 965 1912 1080 1973; x_wconf 86' lang='grc' dir='ltr'><em>ιιιιίτοι</em></span> <span class='ocrx_word' id='word_1_133' title='bbox 1102 1933 1172 1989; x_wconf 76' lang='lat' dir='ltr'>sqq,</span> <span class='ocrx_word' id='word_1_134' title='bbox 1195 1917 1280 1976; x_wconf 91' lang='lat' dir='ltr'>Diod.</span> <span class='ocrx_word' id='word_1_135' title='bbox 1300 1917 1373 1974; x_wconf 87' lang='lat' dir='ltr'>XXI</span> <span class='ocrx_word' id='word_1_136' title='bbox 1393 1913 1453 1990; x_wconf 81' lang='lat' dir='ltr'>frg..</span> 
     </span>
     <span class='ocr_line' id='line_1_16' title="bbox 310 2015 1456 2090; baseline 0.001 -16"><span class='ocrx_word' id='word_1_137' title='bbox 310 2019 397 2090; x_wconf 87' lang='lat'>1,1).</span> <span class='ocrx_word' id='word_1_138' title='bbox 430 2018 549 2077; x_wconf 87' lang='lat' dir='ltr'>Eisdem</span> <span class='ocrx_word' id='word_1_139' title='bbox 572 2017 607 2077; x_wconf 90' lang='lat' dir='ltr'>de</span> <span class='ocrx_word' id='word_1_140' title='bbox 629 2034 663 2077; x_wconf 91' lang='lat' dir='ltr'>eo</span> <span class='ocrx_word' id='word_1_141' title='bbox 684 2019 826 2088; x_wconf 86' lang='lat' dir='ltr'>convenit,</span> <span class='ocrx_word' id='word_1_142' title='bbox 849 2016 927 2089; x_wconf 89' lang='lat' dir='ltr'>quod</span> <span class='ocrx_word' id='word_1_143' title='bbox 937 2015 1141 2088; x_wconf 87' lang='lat' dir='ltr'>Lysimachum</span> <span class='ocrx_word' id='word_1_144' title='bbox 1160 2033 1295 2089; x_wconf 84' lang='lat' dir='ltr'>magnam</span> <span class='ocrx_word' id='word_1_145' title='bbox 1314 2019 1456 2090; x_wconf 88' lang='lat' dir='ltr'>pecuniae</span> 
     </span>
    </p>
   </div>
   <div class='ocr_carea' id='block_1_3' title="bbox 305 2115 1454 2188">
    <p class='ocr_par' dir='ltr' id='par_1_3' title="bbox 305 2115 1454 2188">
     <span class='ocr_line' id='line_1_17' title="bbox 305 2115 1454 2188; baseline 0.003 -16"><span class='ocrx_word' id='word_1_146' title='bbox 305 2118 362 2174; x_wconf 89' lang='lat' dir='ltr'>vim</span> <span class='ocrx_word' id='word_1_147' title='bbox 384 2118 511 2187; x_wconf 83' lang='lat' dir='ltr'>Seleuco,</span> <span class='ocrx_word' id='word_1_148' title='bbox 534 2119 558 2175; x_wconf 91' lang='lat' dir='ltr'>si</span> <span class='ocrx_word' id='word_1_149' title='bbox 569 2116 750 2175; x_wconf 88' lang='lat' dir='ltr'>Demetrium</span> <span class='ocrx_word' id='word_1_150' title='bbox 773 2115 975 2188; x_wconf 81' lang='lat' dir='ltr'>interfecisset,</span> <span class='ocrx_word' id='word_1_151' title='bbox 999 2132 1029 2174; x_wconf 90' lang='lat' dir='ltr'>se</span> <span class='ocrx_word' id='word_1_152' title='bbox 1051 2117 1184 2174; x_wconf 87' lang='lat' dir='ltr'>daturum</span> <span class='ocrx_word' id='word_1_153' title='bbox 1208 2133 1270 2174; x_wconf 90' lang='lat' dir='ltr'>esse</span> <span class='ocrx_word' id='word_1_154' title='bbox 1290 2117 1454 2188; x_wconf 87' lang='lat' dir='ltr'>promisisse</span> 
     </span>
    </p>
   </div>
   <div class='ocr_carea' id='block_1_4' title="bbox 209 2211 1452 2289">
    <p class='ocr_par' dir='ltr' id='par_1_4' title="bbox 209 2211 1452 2289">
     <span class='ocr_line' id='line_1_18' title="bbox 209 2211 1452 2289; baseline 0 -15"><span class='ocrx_word' id='word_1_155' title='bbox 209 2244 211 2248; x_wconf 80' lang='lat'><em>.</em></span> <span class='ocrx_word' id='word_1_156' title='bbox 307 2215 403 2283; x_wconf 78' lang='lat' dir='ltr'>(Dens.</span> <span class='ocrx_word' id='word_1_157' title='bbox 429 2233 453 2274; x_wconf 89' lang='lat' dir='ltr'>c.</span> <span class='ocrx_word' id='word_1_158' title='bbox 478 2217 515 2273; x_wconf 85' lang='lat'>51</span> <span class='ocrx_word' id='word_1_159' title='bbox 539 2212 745 2289; x_wconf 82' lang='grc' dir='ltr'><em>Λνσίμοιγος</em></span> <span class='ocrx_word' id='word_1_160' title='bbox 768 2211 807 2274; x_wconf 72' lang='grc' dir='ltr'>δὲ</span> <span class='ocrx_word' id='word_1_161' title='bbox 831 2234 901 2289; x_wconf 77' lang='lat' dir='ltr'>sqq,</span> <span class='ocrx_word' id='word_1_162' title='bbox 924 2216 1008 2275; x_wconf 90' lang='lat' dir='ltr'>Diod.</span> <span class='ocrx_word' id='word_1_163' title='bbox 1020 2217 1093 2274; x_wconf 90' lang='lat' dir='ltr'>XXI</span> <span class='ocrx_word' id='word_1_164' title='bbox 1115 2216 1170 2289; x_wconf 83' lang='lat' dir='ltr'>irg.</span> <span class='ocrx_word' id='word_1_165' title='bbox 1183 2219 1223 2274; x_wconf 85' lang='lat'>20</span> <span class='ocrx_word' id='word_1_166' title='bbox 1244 2211 1452 2289; x_wconf 78' lang='grc' dir='ltr'><em>Λνσίμιιγος</em></span> 
     </span>
    </p>
   </div>
   <div class='ocr_carea' id='block_1_5' title="bbox 251 2311 1497 2991">
    <p class='ocr_par' dir='ltr' id='par_1_5' title="bbox 304 2311 1497 2591">
     <span class='ocr_line' id='line_1_19' title="bbox 381 2311 1497 2391; baseline 0 -21"><span class='ocrx_word' id='word_1_167' title='bbox 381 2311 593 2391; x_wconf 74' lang='grc' dir='ltr'>ἐπηγγέλλετο</span> <span class='ocrx_word' id='word_1_168' title='bbox 616 2317 707 2389; x_wconf 79' lang='lat' dir='ltr'>sqq),</span> <span class='ocrx_word' id='word_1_169' title='bbox 740 2317 905 2385; x_wconf 85' lang='lat' dir='ltr'>Seleucum,</span> <span class='ocrx_word' id='word_1_170' title='bbox 936 2323 969 2374; x_wconf 91' lang='lat' dir='ltr'>ut</span> <span class='ocrx_word' id='word_1_171' title='bbox 998 2318 1122 2390; x_wconf 81' lang='lat' dir='ltr'>gratiam</span> <span class='ocrx_word' id='word_1_172' title='bbox 1152 2317 1188 2375; x_wconf 94' lang='lat' dir='ltr'>ab</span> <span class='ocrx_word' id='word_1_173' title='bbox 1218 2315 1358 2374; x_wconf 83' lang='lat' dir='ltr'>Antiocho</span> <span class='ocrx_word' id='word_1_174' title='bbox 1391 2313 1451 2375; x_wconf 89' lang='lat' dir='ltr'>filio</span> <span class='ocrx_word' id='word_1_175' title='bbox 1493 2362 1497 2370; x_wconf 91' lang='lat'>.</span> 
     </span>
     <span class='ocr_line' id='line_1_20' title="bbox 304 2403 1451 2492; baseline 0.001 -20"><span class='ocrx_word' id='word_1_176' title='bbox 304 2416 407 2487; x_wconf 90' lang='lat' dir='ltr'>iniret,</span> <span class='ocrx_word' id='word_1_177' title='bbox 439 2423 552 2490; x_wconf 91' lang='lat' dir='ltr'>patrem</span> <span class='ocrx_word' id='word_1_178' title='bbox 574 2416 753 2476; x_wconf 83' lang='lat' dir='ltr'>Stratonices</span> <span class='ocrx_word' id='word_1_179' title='bbox 784 2419 883 2476; x_wconf 83' lang='lat' dir='ltr'>uxoris</span> <span class='ocrx_word' id='word_1_180' title='bbox 904 2418 965 2475; x_wconf 90' lang='lat' dir='ltr'>eius</span> <span class='ocrx_word' id='word_1_181' title='bbox 998 2433 1127 2476; x_wconf 87' lang='lat' dir='ltr'>servasse</span> <span class='ocrx_word' id='word_1_182' title='bbox 1151 2417 1203 2489; x_wconf 88' lang='lat' dir='ltr'>(ib.</span> <span class='ocrx_word' id='word_1_183' title='bbox 1226 2403 1388 2492; x_wconf 78' lang='grc' dir='ltr'><strong><em>Ἀντιόχῳ</em></strong></span> <span class='ocrx_word' id='word_1_184' title='bbox 1413 2410 1451 2475; x_wconf 82' lang='grc' dir='ltr'>δὲ</span> 
     </span>
     <span class='ocr_line' id='line_1_21' title="bbox 305 2511 1022 2591; baseline -0.004 -16"><span class='ocrx_word' id='word_1_185' title='bbox 305 2532 375 2590; x_wconf 77' lang='lat' dir='ltr'>sqq,</span> <span class='ocrx_word' id='word_1_186' title='bbox 398 2517 484 2576; x_wconf 88' lang='lat' dir='ltr'>Diod.</span> <span class='ocrx_word' id='word_1_187' title='bbox 506 2516 544 2577; x_wconf 91' lang='lat' dir='ltr'>ib.</span> <span class='ocrx_word' id='word_1_188' title='bbox 570 2512 706 2576; x_wconf 75' lang='grc' dir='ltr'><em>ἔσπευδε</em></span> <span class='ocrx_word' id='word_1_189' title='bbox 729 2511 767 2575; x_wconf 74' lang='grc' dir='ltr'>δὲ</span> <span class='ocrx_word' id='word_1_190' title='bbox 789 2517 869 2591; x_wconf 86' lang='lat' dir='ltr'>sqq.)</span> <span class='ocrx_word' id='word_1_191' title='bbox 894 2517 1022 2576; x_wconf 89' lang='lat' dir='ltr'>tradunt.</span> 
     </span>
    </p>

    <p class='ocr_par' dir='ltr' id='par_1_6' title="bbox 251 2616 1455 2991">
     <span class='ocr_line' id='line_1_22' title="bbox 387 2616 1455 2691; baseline 0.003 -18"><span class='ocrx_word' id='word_1_192' title='bbox 387 2616 441 2674; x_wconf 86' lang='lat' dir='ltr'>His</span> <span class='ocrx_word' id='word_1_193' title='bbox 463 2617 568 2675; x_wconf 88' lang='lat' dir='ltr'>similia</span> <span class='ocrx_word' id='word_1_194' title='bbox 588 2617 728 2689; x_wconf 90' lang='lat' dir='ltr'>quaedam</span> <span class='ocrx_word' id='word_1_195' title='bbox 750 2617 942 2688; x_wconf 89' lang='lat' dir='ltr'>subiciamus,</span> <span class='ocrx_word' id='word_1_196' title='bbox 974 2633 1048 2689; x_wconf 89' lang='lat' dir='ltr'>quae</span> <span class='ocrx_word' id='word_1_197' title='bbox 1080 2617 1110 2674; x_wconf 94' lang='lat' dir='ltr'>in</span> <span class='ocrx_word' id='word_1_198' title='bbox 1129 2616 1276 2691; x_wconf 92' lang='lat' dir='ltr'>prioribus</span> <span class='ocrx_word' id='word_1_199' title='bbox 1296 2619 1455 2689; x_wconf 67' lang='lat' dir='ltr'>ambimus,</span> 
     </span>
     <span class='ocr_line' id='line_1_23' title="bbox 306 2715 1451 2793; baseline 0.006 -24"><span class='ocrx_word' id='word_1_200' title='bbox 306 2731 342 2773; x_wconf 90' lang='lat' dir='ltr'>ne</span> <span class='ocrx_word' id='word_1_201' title='bbox 364 2731 462 2775; x_wconf 91' lang='lat' dir='ltr'>rerum</span> <span class='ocrx_word' id='word_1_202' title='bbox 483 2717 612 2776; x_wconf 92' lang='lat' dir='ltr'>ordinem</span> <span class='ocrx_word' id='word_1_203' title='bbox 634 2715 834 2793; x_wconf 78' lang='lat' dir='ltr'>turbaremus</span> <span class='ocrx_word' id='word_1_204' title='bbox 868 2716 986 2775; x_wconf 88' lang='lat' dir='ltr'>Etenim</span> <span class='ocrx_word' id='word_1_205' title='bbox 1008 2722 1039 2775; x_wconf 88' lang='lat' dir='ltr'>et</span> <span class='ocrx_word' id='word_1_206' title='bbox 1060 2715 1233 2787; x_wconf 90' lang='lat' dir='ltr'>Plutarchus</span> <span class='ocrx_word' id='word_1_207' title='bbox 1254 2722 1284 2775; x_wconf 88' lang='lat' dir='ltr'>et</span> <span class='ocrx_word' id='word_1_208' title='bbox 1304 2716 1451 2776; x_wconf 88' lang='lat' dir='ltr'>Diodorus</span> 
     </span>
     <span class='ocr_line' id='line_1_24' title="bbox 251 2803 1451 2893; baseline 0.006 -23"><span class='ocrx_word' id='word_1_209' title='bbox 251 2823 253 2827; x_wconf 83' lang='grc'><strong>’</strong></span> <span class='ocrx_word' id='word_1_210' title='bbox 307 2817 394 2875; x_wconf 74' lang='lat' dir='ltr'>variis</span> <span class='ocrx_word' id='word_1_211' title='bbox 414 2816 486 2875; x_wconf 88' lang='lat' dir='ltr'>locis</span> <span class='ocrx_word' id='word_1_212' title='bbox 509 2815 607 2889; x_wconf 85' lang='lat' dir='ltr'>(Dem.</span> <span class='ocrx_word' id='word_1_213' title='bbox 632 2832 656 2873; x_wconf 90' lang='lat' dir='ltr'>c.</span> <span class='ocrx_word' id='word_1_214' title='bbox 680 2820 696 2871; x_wconf 86' lang='grc'>2</span> <span class='ocrx_word' id='word_1_215' title='bbox 720 2803 765 2873; x_wconf 76' lang='lat' dir='ltr'>oio</span> <span class='ocrx_word' id='word_1_216' title='bbox 786 2814 892 2890; x_wconf 81' lang='grc' dir='ltr'><strong><em>μέγας</em></strong></span> <span class='ocrx_word' id='word_1_217' title='bbox 914 2834 986 2889; x_wconf 73' lang='lat' dir='ltr'>sqq,</span> <span class='ocrx_word' id='word_1_218' title='bbox 1019 2834 1043 2874; x_wconf 90' lang='lat' dir='ltr'>c.</span> <span class='ocrx_word' id='word_1_219' title='bbox 1072 2818 1111 2875; x_wconf 85' lang='lat'>20</span> <span class='ocrx_word' id='word_1_220' title='bbox 1133 2814 1277 2892; x_wconf 71' lang='grc' dir='ltr'><em>μεγέθει</em></span> <span class='ocrx_word' id='word_1_221' title='bbox 1297 2814 1358 2891; x_wconf 80' lang='grc' dir='ltr'>μὲν</span> <span class='ocrx_word' id='word_1_222' title='bbox 1378 2836 1451 2893; x_wconf 85' lang='lat' dir='ltr'>sqq,</span> 
     </span>
     <span class='ocr_line' id='line_1_25' title="bbox 306 2901 1453 2991; baseline 0.001 -16"><span class='ocrx_word' id='word_1_223' title='bbox 306 2916 390 2976; x_wconf 90' lang='lat' dir='ltr'>Diod.</span> <span class='ocrx_word' id='word_1_224' title='bbox 413 2917 492 2986; x_wconf 90' lang='lat' dir='ltr'>XIX,</span> <span class='ocrx_word' id='word_1_225' title='bbox 516 2920 553 2975; x_wconf 88' lang='lat'>81</span> <span class='ocrx_word' id='word_1_226' title='bbox 576 2904 690 2974; x_wconf 75' lang='grc' dir='ltr'><em>κάλλει</em></span> <span class='ocrx_word' id='word_1_227' title='bbox 712 2913 777 2974; x_wconf 73' lang='lat' dir='ltr'>aab.</span> <span class='ocrx_word' id='word_1_228' title='bbox 792 2935 863 2991; x_wconf 83' lang='lat' dir='ltr'>sqq,</span> <span class='ocrx_word' id='word_1_229' title='bbox 896 2919 963 2984; x_wconf 93' lang='lat' dir='ltr'>XX,</span> <span class='ocrx_word' id='word_1_230' title='bbox 986 2919 1024 2974; x_wconf 84' lang='grc'>92</span> <span class='ocrx_word' id='word_1_231' title='bbox 1047 2901 1085 2987; x_wconf 77' lang='grc' dir='ltr'>ἦν</span> <span class='ocrx_word' id='word_1_232' title='bbox 1111 2911 1148 2974; x_wconf 80' lang='grc' dir='ltr'>δὲ</span> <span class='ocrx_word' id='word_1_233' title='bbox 1170 2919 1319 2991; x_wconf 77' lang='lat' dir='ltr'>sqq.]·ita,</span> <span class='ocrx_word' id='word_1_234' title='bbox 1341 2924 1453 2978; x_wconf 90' lang='lat' dir='ltr'>utnon</span> 
     </span>
    </p>
   </div>
   <div class='ocr_carea' id='block_1_6' title="bbox 214 3016 1452 3092">
    <p class='ocr_par' dir='ltr' id='par_1_7' title="bbox 214 3016 1452 3092">
     <span class='ocr_line' id='line_1_26' title="bbox 214 3016 1452 3092; baseline 0.005 -21"><span class='ocrx_word' id='word_1_235' title='bbox 214 3058 216 3063; x_wconf 44' lang='lat'>&gt;</span> <span class='ocrx_word' id='word_1_236' title='bbox 309 3016 397 3074; x_wconf 88' lang='lat' dir='ltr'>semel</span> <span class='ocrx_word' id='word_1_237' title='bbox 419 3017 522 3074; x_wconf 89' lang='lat' dir='ltr'>mirum</span> <span class='ocrx_word' id='word_1_238' title='bbox 542 3016 572 3074; x_wconf 89' lang='lat' dir='ltr'>in</span> <span class='ocrx_word' id='word_1_239' title='bbox 594 3017 711 3076; x_wconf 85' lang='lat' dir='ltr'>modurn</span> <span class='ocrx_word' id='word_1_240' title='bbox 726 3022 897 3092; x_wconf 86' lang='lat' dir='ltr'>congruant,</span> <span class='ocrx_word' id='word_1_241' title='bbox 912 3018 1054 3075; x_wconf 91' lang='lat' dir='ltr'>Demetrii</span> <span class='ocrx_word' id='word_1_242' title='bbox 1068 3017 1319 3090; x_wconf 89' lang='lat' dir='ltr'>pulchritudinem,</span> <span class='ocrx_word' id='word_1_243' title='bbox 1342 3020 1452 3092; x_wconf 88' lang='lat' dir='ltr'>magni-</span> 
     </span>
    </p>
   </div>
   <div class='ocr_carea' id='block_1_7' title="bbox 305 3114 1455 3693">
    <p class='ocr_par' dir='ltr' id='par_1_8' title="bbox 305 3114 1455 3693">
     <span class='ocr_line' id='line_1_27' title="bbox 305 3114 1454 3193; baseline 0.003 -20"><span class='ocrx_word' id='word_1_244' title='bbox 305 3115 444 3182; x_wconf 89' lang='lat' dir='ltr'>tudinem,</span> <span class='ocrx_word' id='word_1_245' title='bbox 465 3118 654 3188; x_wconf 87' lang='lat' dir='ltr'>maiestatem,</span> <span class='ocrx_word' id='word_1_246' title='bbox 677 3114 799 3176; x_wconf 89' lang='lat' dir='ltr'>formam</span> <span class='ocrx_word' id='word_1_247' title='bbox 815 3117 1025 3193; x_wconf 82' lang='lat' dir='ltr'>admirabilem,</span> <span class='ocrx_word' id='word_1_248' title='bbox 1047 3117 1305 3183; x_wconf 88' lang='lat' dir='ltr'>mansuetudinem,</span> <span class='ocrx_word' id='word_1_249' title='bbox 1328 3119 1454 3190; x_wconf 83' lang='lat' dir='ltr'>gratiam</span> 
     </span>
     <span class='ocr_line' id='line_1_28' title="bbox 307 3215 1450 3301; baseline 0.002 -28"><span class='ocrx_word' id='word_1_250' title='bbox 307 3223 545 3288; x_wconf 89' lang='lat' dir='ltr'>commemorant,</span> <span class='ocrx_word' id='word_1_251' title='bbox 577 3217 654 3276; x_wconf 91' lang='lat' dir='ltr'>idem</span> <span class='ocrx_word' id='word_1_252' title='bbox 680 3219 793 3290; x_wconf 89' lang='lat' dir='ltr'>saepius</span> <span class='ocrx_word' id='word_1_253' title='bbox 820 3217 856 3275; x_wconf 93' lang='lat' dir='ltr'>de</span> <span class='ocrx_word' id='word_1_254' title='bbox 884 3233 1005 3289; x_wconf 90' lang='lat' dir='ltr'>operum</span> <span class='ocrx_word' id='word_1_255' title='bbox 1025 3233 1043 3274; x_wconf 90' lang='lat' dir='ltr'>a</span> <span class='ocrx_word' id='word_1_256' title='bbox 1065 3217 1214 3276; x_wconf 90' lang='lat' dir='ltr'>Demetrio</span> <span class='ocrx_word' id='word_1_257' title='bbox 1243 3215 1450 3301; x_wconf 71' lang='lat' dir='ltr'>confectorum,</span> 
     </span>
     <span class='ocr_line' id='line_1_29' title="bbox 306 3301 1455 3397; baseline 0.001 -24"><span class='ocrx_word' id='word_1_258' title='bbox 306 3316 513 3384; x_wconf 89' lang='lat' dir='ltr'>machinarum,</span> <span class='ocrx_word' id='word_1_259' title='bbox 535 3319 649 3375; x_wconf 90' lang='lat' dir='ltr'>navium</span> <span class='ocrx_word' id='word_1_260' title='bbox 670 3316 866 3390; x_wconf 84' lang='lat' dir='ltr'>magnitudine</span> <span class='ocrx_word' id='word_1_261' title='bbox 886 3317 1040 3391; x_wconf 92' lang='lat' dir='ltr'>loquuntur</span> <span class='ocrx_word' id='word_1_262' title='bbox 1073 3317 1169 3386; x_wconf 72' lang='lat' dir='ltr'>[Deru.</span> <span class='ocrx_word' id='word_1_263' title='bbox 1193 3332 1217 3373; x_wconf 73' lang='lat' dir='ltr'>c,</span> <span class='ocrx_word' id='word_1_264' title='bbox 1240 3319 1279 3397; x_wconf 85' lang='grc'>20</span> <span class='ocrx_word' id='word_1_265' title='bbox 1307 3313 1365 3373; x_wconf 80' lang='grc' dir='ltr'>καὶ</span> <span class='ocrx_word' id='word_1_266' title='bbox 1388 3301 1455 3383; x_wconf 66' lang='lat' dir='ltr'>trie</span> 
     </span>
     <span class='ocr_line' id='line_1_30' title="bbox 306 3405 1452 3496; baseline 0.003 -24"><span class='ocrx_word' id='word_1_267' title='bbox 306 3431 376 3486; x_wconf 85' lang='lat' dir='ltr'>sqq,</span> <span class='ocrx_word' id='word_1_268' title='bbox 405 3415 585 3484; x_wconf 85' lang='lat' dir='ltr'>Diod-XX,</span> <span class='ocrx_word' id='word_1_269' title='bbox 609 3419 657 3474; x_wconf 90' lang='grc'>92.</span> <span class='ocrx_word' id='word_1_270' title='bbox 683 3416 757 3473; x_wconf 88' lang='lat'>103:</span> <span class='ocrx_word' id='word_1_271' title='bbox 792 3417 861 3489; x_wconf 90' lang='lat' dir='ltr'>quin</span> <span class='ocrx_word' id='word_1_272' title='bbox 890 3419 976 3474; x_wconf 87' lang='lat' dir='ltr'>etiarn</span> <span class='ocrx_word' id='word_1_273' title='bbox 1005 3415 1123 3475; x_wconf 90' lang='lat' dir='ltr'>verbum</span> <span class='ocrx_word' id='word_1_274' title='bbox 1153 3405 1352 3496; x_wconf 76' lang='grc' dir='ltr'><em>φιλότεχνος</em></span> <span class='ocrx_word' id='word_1_275' title='bbox 1374 3417 1452 3491; x_wconf 90' lang='lat' dir='ltr'>apud</span> 
     </span>
     <span class='ocr_line' id='line_1_31' title="bbox 306 3512 1452 3593; baseline 0.007 -21"><span class='ocrx_word' id='word_1_276' title='bbox 306 3521 458 3586; x_wconf 87' lang='lat' dir='ltr'>utrumque</span> <span class='ocrx_word' id='word_1_277' title='bbox 487 3516 657 3588; x_wconf 87' lang='lat' dir='ltr'>scriptorem</span> <span class='ocrx_word' id='word_1_278' title='bbox 688 3512 859 3593; x_wconf 81' lang='lat' dir='ltr'>invenitur).</span> <span class='ocrx_word' id='word_1_279' title='bbox 913 3515 1010 3588; x_wconf 78' lang='lat' dir='ltr'>Quid?</span> <span class='ocrx_word' id='word_1_280' title='bbox 1038 3518 1063 3574; x_wconf 92' lang='lat' dir='ltr'>si</span> <span class='ocrx_word' id='word_1_281' title='bbox 1091 3517 1152 3587; x_wconf 88' lang='lat' dir='ltr'>quis</span> <span class='ocrx_word' id='word_1_282' title='bbox 1181 3514 1268 3574; x_wconf 88' lang='lat' dir='ltr'>verba</span> <span class='ocrx_word' id='word_1_283' title='bbox 1295 3517 1452 3592; x_wconf 82' lang='lat' dir='ltr'>perlegerit</span> 
     </span>
     <span class='ocr_line' id='line_1_32' title="bbox 308 3599 1449 3693; baseline 0.004 -21"><span class='ocrx_word' id='word_1_284' title='bbox 308 3615 380 3672; x_wconf 87' lang='lat' dir='ltr'>haec</span> <span class='ocrx_word' id='word_1_285' title='bbox 401 3613 523 3672; x_wconf 89' lang='lat' dir='ltr'>Diodori</span> <span class='ocrx_word' id='word_1_286' title='bbox 539 3613 634 3686; x_wconf 87' lang='lat' dir='ltr'>(XIX,</span> <span class='ocrx_word' id='word_1_287' title='bbox 651 3613 720 3688; x_wconf 84' lang='lat'>59):</span> <span class='ocrx_word' id='word_1_288' title='bbox 744 3605 876 3688; x_wconf 79' lang='grc' dir='ltr'><em>μηνύσει</em></span> <span class='ocrx_word' id='word_1_289' title='bbox 898 3609 925 3674; x_wconf 74' lang='grc' dir='ltr'>δ’</span> <span class='ocrx_word' id='word_1_290' title='bbox 943 3609 1183 3693; x_wconf 74' lang='grc' dir='ltr'><em>ἀκριβέστερον</em></span> <span class='ocrx_word' id='word_1_291' title='bbox 1204 3599 1314 3686; x_wconf 78' lang='grc' dir='ltr'><em>τὸτῆς</em></span> <span class='ocrx_word' id='word_1_292' title='bbox 1336 3634 1449 3692; x_wconf 86' lang='grc' dir='ltr'><em>γονοιι-</em></span> 
     </span>
    </p>
   </div>
   <div class='ocr_carea' id='block_1_8' title="bbox 202 3698 1475 4395">
    <p class='ocr_par' dir='ltr' id='par_1_9' title="bbox 202 3698 1475 4395">
     <span class='ocr_line' id='line_1_33' title="bbox 308 3698 1450 3793; baseline 0.006 -24"><span class='ocrx_word' id='word_1_293' title='bbox 308 3698 368 3777; x_wconf 75' lang='grc' dir='ltr'><em>ιιός</em></span> <span class='ocrx_word' id='word_1_294' title='bbox 389 3710 445 3787; x_wconf 90' lang='lat' dir='ltr'>(sq.</span> <span class='ocrx_word' id='word_1_295' title='bbox 470 3707 590 3788; x_wconf 77' lang='grc' dir='ltr'>Φίλοις)</span> <span class='ocrx_word' id='word_1_296' title='bbox 612 3699 703 3787; x_wconf 72' lang='grc' dir='ltr'><strong><em>ἦθος</em></strong></span> <span class='ocrx_word' id='word_1_297' title='bbox 726 3705 850 3790; x_wconf 76' lang='grc' dir='ltr'><em>προϊών</em></span> <span class='ocrx_word' id='word_1_298' title='bbox 865 3709 882 3774; x_wconf 87' lang='grc' dir='ltr'>ὁ</span> <span class='ocrx_word' id='word_1_299' title='bbox 898 3703 998 3789; x_wconf 82' lang='grc' dir='ltr'><strong><em>λόγος</em></strong></span> <span class='ocrx_word' id='word_1_300' title='bbox 1020 3711 1077 3773; x_wconf 78' lang='lat' dir='ltr'>nai</span> <span class='ocrx_word' id='word_1_301' title='bbox 1099 3703 1142 3773; x_wconf 78' lang='grc' dir='ltr'><em>τιὶ</em></span> <span class='ocrx_word' id='word_1_302' title='bbox 1163 3705 1347 3793; x_wconf 77' lang='grc' dir='ltr'><em>ιιμιὶγμτιτοι</em></span> <span class='ocrx_word' id='word_1_303' title='bbox 1368 3714 1450 3792; x_wconf 74' lang='grc' dir='ltr'>λαμ·</span> 
     </span>
     <span class='ocr_line' id='line_1_34' title="bbox 307 3803 1455 3895; baseline 0.009 -28"><span class='ocrx_word' id='word_1_304' title='bbox 307 3803 458 3886; x_wconf 75' lang='grc' dir='ltr'><em>βιινοντιι</em></span> <span class='ocrx_word' id='word_1_305' title='bbox 479 3806 665 3892; x_wconf 76' lang='grc' dir='ltr'><em>μεταβολήν</em></span> <span class='ocrx_word' id='word_1_306' title='bbox 693 3811 750 3873; x_wconf 81' lang='grc' dir='ltr'>καὶ</span> <span class='ocrx_word' id='word_1_307' title='bbox 777 3812 888 3891; x_wconf 79' lang='grc' dir='ltr'><em>κρίσιν</em></span> <span class='ocrx_word' id='word_1_308' title='bbox 909 3815 1053 3887; x_wconf 66' lang='grc' dir='ltr'><em>ἐσχάτην</em></span> <span class='ocrx_word' id='word_1_309' title='bbox 1081 3813 1137 3888; x_wconf 69' lang='grc' dir='ltr'>τῆς</span> <span class='ocrx_word' id='word_1_310' title='bbox 1166 3814 1239 3895; x_wconf 73' lang='grc' dir='ltr'>περὶ</span> <span class='ocrx_word' id='word_1_311' title='bbox 1262 3806 1455 3895; x_wconf 79' lang='grc' dir='ltr'><em>Δημήτριον</em></span> 
     </span>
     <span class='ocr_line' id='line_1_35' title="bbox 307 3903 1451 3988; baseline 0.009 -21"><span class='ocrx_word' id='word_1_312' title='bbox 307 3903 500 3985; x_wconf 77' lang='grc' dir='ltr'><em>βασιλείοις,</em></span> <span class='ocrx_word' id='word_1_313' title='bbox 533 3930 626 3973; x_wconf 90' lang='lat' dir='ltr'>nonne</span> <span class='ocrx_word' id='word_1_314' title='bbox 648 3916 785 3975; x_wconf 89' lang='lat' dir='ltr'>concedet</span> <span class='ocrx_word' id='word_1_315' title='bbox 815 3918 935 3988; x_wconf 86' lang='lat' dir='ltr'>cogitari</span> <span class='ocrx_word' id='word_1_316' title='bbox 966 3915 1006 3973; x_wconf 90' lang='lat' dir='ltr'>ibi</span> <span class='ocrx_word' id='word_1_317' title='bbox 1028 3917 1063 3974; x_wconf 90' lang='lat' dir='ltr'>de</span> <span class='ocrx_word' id='word_1_318' title='bbox 1084 3918 1240 3977; x_wconf 87' lang='lat' dir='ltr'>miserabili</span> <span class='ocrx_word' id='word_1_319' title='bbox 1267 3919 1342 3974; x_wconf 86' lang='lat' dir='ltr'>vitae</span> <span class='ocrx_word' id='word_1_320' title='bbox 1371 3920 1451 3977; x_wconf 84' lang='lat' dir='ltr'>exitu</span> 
     </span>
     <span class='ocr_line' id='line_1_36' title="bbox 307 4011 1451 4090; baseline 0.005 -20"><span class='ocrx_word' id='word_1_321' title='bbox 307 4013 404 4071; x_wconf 84' lang='lat' dir='ltr'>uxoris</span> <span class='ocrx_word' id='word_1_322' title='bbox 426 4011 500 4074; x_wconf 88' lang='lat' dir='ltr'>fidae</span> <span class='ocrx_word' id='word_1_323' title='bbox 521 4019 551 4074; x_wconf 89' lang='lat' dir='ltr'>et</span> <span class='ocrx_word' id='word_1_324' title='bbox 571 4030 618 4074; x_wconf 91' lang='lat' dir='ltr'>res</span> <span class='ocrx_word' id='word_1_325' title='bbox 640 4016 775 4075; x_wconf 87' lang='lat' dir='ltr'>adversas</span> <span class='ocrx_word' id='word_1_326' title='bbox 798 4019 893 4075; x_wconf 87' lang='lat' dir='ltr'>mariti</span> <span class='ocrx_word' id='word_1_327' title='bbox 923 4018 1087 4090; x_wconf 84' lang='lat' dir='ltr'>gravissime</span> <span class='ocrx_word' id='word_1_328' title='bbox 1107 4016 1243 4089; x_wconf 82' lang='lat' dir='ltr'>ferentis,</span> <span class='ocrx_word' id='word_1_329' title='bbox 1277 4033 1361 4089; x_wconf 91' lang='lat' dir='ltr'>quem</span> <span class='ocrx_word' id='word_1_330' title='bbox 1383 4016 1451 4076; x_wconf 93' lang='lat' dir='ltr'>Plu·</span> 
     </span>
     <span class='ocr_line' id='line_1_37' title="bbox 307 4099 1474 4191; baseline 0.006 -22"><span class='ocrx_word' id='word_1_331' title='bbox 307 4099 423 4172; x_wconf 89' lang='lat' dir='ltr'>tarohus</span> <span class='ocrx_word' id='word_1_332' title='bbox 444 4118 479 4181; x_wconf 88' lang='grc' dir='ltr'>(ο.</span> <span class='ocrx_word' id='word_1_333' title='bbox 502 4117 553 4181; x_wconf 87' lang='grc'>45)</span> <span class='ocrx_word' id='word_1_334' title='bbox 573 4116 715 4174; x_wconf 78' lang='lat' dir='ltr'>tradidit?</span> <span class='ocrx_word' id='word_1_335' title='bbox 759 4117 886 4188; x_wconf 73' lang='lat' dir='ltr'>Quodsi</span> <span class='ocrx_word' id='word_1_336' title='bbox 908 4133 1072 4177; x_wconf 89' lang='lat' dir='ltr'>concessum</span> <span class='ocrx_word' id='word_1_337' title='bbox 1105 4120 1178 4191; x_wconf 91' lang='lat' dir='ltr'>erit,</span> <span class='ocrx_word' id='word_1_338' title='bbox 1213 4118 1305 4176; x_wconf 90' lang='lat' dir='ltr'>simile</span> <span class='ocrx_word' id='word_1_339' title='bbox 1326 4118 1393 4189; x_wconf 92' lang='lat' dir='ltr'>quid</span> <span class='ocrx_word' id='word_1_340' title='bbox 1416 4111 1474 4176; x_wconf 85' lang='lat' dir='ltr'>de¹</span> 
     </span>
     <span class='ocr_line' id='line_1_38' title="bbox 202 4214 1451 4288; baseline 0.002 -18"><span class='ocrx_word' id='word_1_341' title='bbox 202 4272 205 4279; x_wconf 71' lang='grc'><strong>,</strong></span> <span class='ocrx_word' id='word_1_342' title='bbox 307 4214 389 4272; x_wconf 89' lang='lat' dir='ltr'>Dem.</span> <span class='ocrx_word' id='word_1_343' title='bbox 412 4231 436 4272; x_wconf 90' lang='lat' dir='ltr'>c.</span> <span class='ocrx_word' id='word_1_344' title='bbox 460 4217 498 4274; x_wconf 88' lang='grc'>52</span> <span class='ocrx_word' id='word_1_345' title='bbox 532 4215 589 4276; x_wconf 91' lang='lat' dir='ltr'>fine</span> <span class='ocrx_word' id='word_1_346' title='bbox 620 4221 746 4277; x_wconf 89' lang='lat' dir='ltr'>statuere</span> <span class='ocrx_word' id='word_1_347' title='bbox 779 4217 880 4288; x_wconf 89' lang='lat' dir='ltr'>liceat;</span> <span class='ocrx_word' id='word_1_348' title='bbox 915 4219 963 4277; x_wconf 91' lang='lat' dir='ltr'>ubi</span> <span class='ocrx_word' id='word_1_349' title='bbox 991 4235 1055 4278; x_wconf 91' lang='lat' dir='ltr'>cnm</span> <span class='ocrx_word' id='word_1_350' title='bbox 1083 4218 1293 4280; x_wconf 89' lang='lat' dir='ltr'>Dromichaetis</span> <span class='ocrx_word' id='word_1_351' title='bbox 1314 4217 1451 4276; x_wconf 84' lang='lat' dir='ltr'>adversus</span> 
     </span>
     <span class='ocr_line' id='line_1_39' title="bbox 306 4306 1475 4395; baseline 0.005 -25"><span class='ocrx_word' id='word_1_352' title='bbox 306 4313 505 4386; x_wconf 88' lang='lat' dir='ltr'>Lysimachum</span> <span class='ocrx_word' id='word_1_353' title='bbox 528 4323 644 4392; x_wconf 89' lang='lat' dir='ltr'>captum</span> <span class='ocrx_word' id='word_1_354' title='bbox 666 4318 829 4376; x_wconf 89' lang='lat' dir='ltr'>humanitas</span> <span class='ocrx_word' id='word_1_355' title='bbox 858 4319 1056 4395; x_wconf 88' lang='lat' dir='ltr'>praedicetur,</span> <span class='ocrx_word' id='word_1_356' title='bbox 1091 4319 1246 4377; x_wconf 89' lang='lat' dir='ltr'>Plutarcho</span> <span class='ocrx_word' id='word_1_357' title='bbox 1276 4318 1376 4377; x_wconf 90' lang='lat' dir='ltr'>eadem</span> <span class='ocrx_word' id='word_1_358' title='bbox 1399 4306 1475 4376; x_wconf 73' lang='lat' dir='ltr'>ob-&#39;</span> 
     </span>
    </p>
   </div>
   <div class='ocr_carea' id='block_1_9' title="bbox 0 0 1630 5109">
    <p class='ocr_par' dir='ltr' id='par_1_10' title="bbox 0 0 1630 5109">
     <span class='ocr_line' id='line_1_40' title="bbox 0 0 1630 5109; baseline 0 0"><span class='ocrx_word' id='word_1_359' title='bbox 0 0 1630 5109; x_wconf 95' lang='lat' dir='ltr'> </span> 
     </span>
    </p>
   </div>
  </div>
 </body>
</html>
