3250 5109
800 510 820 515 --
857 426 946 515 10.--

342 631 379 690 ib.
409 632 472 690 ch
509 617 612 702 μετοὶ
648 621 844 704 λαμπροῖς
936 624 977 683 id.
1006 622 1046 682 ib.
1077 626 1114 682 93
1147 609 1257 699 τούτῳ
1293 617 1331 680 δὲ
1359 608 1442 688 δούς

199 710 236 785 ,’
303 718 538 804 δυνάμεως,
568 719 613 793 οἱς
642 713 846 801 ἐξελάσων
897 712 1076 797 δύναμιν
1099 707 1254 793 ἱκανὴν
1274 717 1441 799 προσέτα-

302 811 846 907 ἐκτῆςΣνρίαςΛηρήτριον
895 817 950 898 ξεν
972 815 1183 897 ἐκδιῶξαι
1212 807 1284 879 τόν
1305 809 1441 895 Δημή-

303 917 429 1002 annana·
451 925 498 1006 τῷ
519 916 756 1007 προηττῆσθαι
777 944 846 986 κα·
895 907 1355 1003 τρισντόπαροέπανέκ
1371 919 1442 993 τῆς

303 1015 654 1111 ταφρονούμενον
869 1018 1070 1115 ρΣνρί--ας
1217 1014 1444 1092 τὸν-Κιλλην

870 1113 1172 1202 ’στρατοπεδεύειν
1254 1138 1442 1184 καταπε-

880 1212 1176 1306 ’φρονηκότως
1204 1254 1207 1263 ·

388 1342 517 1417 Utroque
539 1344 601 1403 loco
623 1358 686 1401 curn
705 1358 752 1403 res
775 1344 917 1402 simillime
938 1349 1026 1417 atque
1047 1342 1124 1418 apud
1138 1341 1298 1400 Diodorum
1319 1339 1447 1397 traditae

255 1430 263 1443 “
303 1443 376 1515 sint,
406 1440 590 1501 Plutarchum
618 1457 825 1515 nonnunquam
853 1458 907 1515 pro
935 1440 1021 1500 fontis
1048 1442 1142 1507 minus
1168 1441 1277 1501 ornatis
1304 1438 1450 1498 vocabulis

304 1540 513 1617 grandioribus,
528 1541 647 1600 eundem
659 1543 772 1614 saepius
788 1542 852 1600 aliis
873 1549 959 1614 atque
979 1557 1052 1613 quae
1073 1542 1103 1599 in
1124 1540 1203 1600 fonte
1224 1540 1364 1612 repperit,
1390 1540 1446 1596 eis-

304 1657 359 1714 que
380 1638 508 1701 finitimis
529 1657 613 1700 usura
635 1657 697 1700 osse
719 1647 849 1715 apparet.
884 1641 931 1700 Sic
951 1641 1048 1714 priore
1068 1643 1142 1708 loco,
1164 1658 1228 1700 oum
1250 1639 1340 1698 rerba
1360 1629 1447 1697 καθ’

305 1729 432 1807 αὐτούς
455 1748 484 1800 et
508 1733 593 1800 καθ’
616 1725 733 1807 αὐτόν.
768 1727 929 1806 πολλάκις
950 1748 979 1800 et
1000 1729 1141 1807 πολλοῦς
1172 1741 1226 1799 sibi
1247 1739 1450 1813 respondeant,

305 1858 357 1914 pro
379 1840 467 1900 verbo
491 1829 786 1916 συστρατεύεσθαι
799 1841 939 1900 vocabula
960 1841 997 1898 ἐκ
1016 1838 1074 1912 τῆς
1089 1837 1300 1917 παλαίστρας
1322 1844 1352 1898 et
1374 1829 1449 1897 α’θ-

306 1938 374 2000 λεῐν
406 1943 531 2014 scripsit.
585 1941 664 2014 Quae
695 1941 864 2013 metaphora
895 1957 959 1999 cum
992 1943 1080 2000 etiam
1110 1941 1213 2014 Pyrrh.
1237 1956 1269 2030 c.⁸
1285 1941 1324 1997 23
1339 1956 1392 1997 ex.
1422 1944 1451 1996 et

307 2044 412 2101 anton.
437 2057 461 2100 o.
486 2044 504 2097 9
525 2042 702 2115 inveniatur,
726 2042 884 2113 simplicem
917 2043 1062 2101 notionem
1094 2029 1388 2118 σνστρατεύεσθαι
1420 2041 1449 2096 in

307 2141 386 2199 fonto
409 2140 496 2200 tuisse
518 2142 727 2214 imaginemque
752 2141 831 2200 illam
852 2139 1001 2199 Plutarchi
1028 2142 1120 2213 ipsius
1146 2157 1207 2199 esse
1228 2143 1291 2199 iure
1313 2141 1449 2213 opineris.

309 2241 408 2314 Neque
429 2241 520 2313 magis
543 2239 662 2299 dubium
684 2245 738 2312 est,
762 2241 830 2313 quin
845 2257 889 2315 eo,
911 2259 995 2314 quem
1017 2247 1196 2313 postremum
1216 2243 1308 2314 posui,
1330 2241 1393 2299 ioco
1413 2239 1451 2297 ab

308 2339 410 2400 codem
432 2356 486 2413 pro
508 2339 631 2400 Diodori
644 2346 674 2399 et
687 2342 815 2401 auctoris
831 2343 987 2400 communis
1001 2340 1089 2400 verbo
1111 2330 1225 2407 ἱκανός
1245 2340 1388 2399 rhetorice
1399 2338 1451 2397 ati-

309 2440 401 2500 hibita
421 2442 458 2500 sit
478 2455 533 2500 ror
554 2428 713 2516 λαμπρός.
758 2440 815 2500 Sed
844 2442 932 2501 etiam
953 2442 1044 2499 maius
1067 2443 1227 2514 exemplum
1250 2437 1453 2498 vocabulorum

308 2540 396 2601 i'ontis
407 2556 608 2615 nonnunquam
619 2548 794 2600 mutatorum
808 2542 863 2614 hio,
882 2541 918 2600 de
939 2558 994 2614 (pao
1016 2543 1121 2615 agitur,
1136 2543 1215 2600 loeus
1228 2540 1358 2613 praebet.
1381 2537 1454 2598 Cum

310 2643 386 2700 onitu
408 2658 462 2713 pro
483 2641 571 2700 serbo
592 2630 913 2723 καταφρονούμενον
941 2640 1089 2700 Plutarchi
1119 2641 1196 2713 apud
1224 2628 1385 2700 Diodorum
1410 2640 1454 2698 in·

310 2742 443 2801 veniatur
484 2729 851 2820 καταπεφρονηκότως,
890 2741 945 2800 hac
984 2739 1078 2799 forma
1109 2742 1264 2801 rarissima·
1287 2739 1454 2812 qurhusnam

310 2843 466 2917 praecipue
487 2843 517 2901 in
538 2841 619 2900 libris
640 2841 687 2900 hic
708 2843 834 2914 scriptor
855 2858 923 2901 usus
945 2843 997 2908 sit,
1019 2857 1160 2913 quaerere
1181 2848 1281 2914 aptum
1304 2836 1456 2900 ridebatur
1481 2822 1484 2829 ’

312 2959 385 3001 esse.
419 2942 516 3017 Atque
536 2942 819 3009 anteveniam-xit,
845 2944 891 3009 li,
913 2941 994 3013 XIX,
1018 2943 1067 3013 58,
1093 2943 1142 3012 92,
1165 2941 1213 3010 93,
1238 2943 1287 3007 95,
1309 2945 1343 2996 ut
1362 2940 1456 3013 primo

313 3044 378 3102 iutro
399 3043 486 3102 misso
507 3042 585 3102 iacto
606 3059 643 3102 ex
663 3042 782 3114 reliquis
795 3043 881 3100 istam
901 3041 1021 3100 formam
1043 3058 1101 3100 non
1122 3047 1232 3101 temere
1251 3041 1307 3113 ipsi
1330 3039 1454 3099 Diodori

315 3142 388 3202 ionti
409 3143 562 3213 attribuas,
585 3160 604 3202 a
627 3141 785 3202 Plutarcho
806 3159 870 3201 cam
891 3149 993 3215 sponte
1013 3150 1154 3202 mutatam
1174 3159 1234 3202 esse
1256 3141 1415 3201 arbitreris.
1477 3194 1479 3201 ,

396 3240 442 3299 Ex
464 3241 519 3314 his,
542 3257 614 3314 equae
636 3242 767 3314 diximus,
789 3244 859 3302 satis
880 3243 994 3301 ridetur
1018 3248 1154 3302 constare
1168 3242 1326 3302 Diodorum
1346 3248 1377 3300 et
1390 3241 1459 3300 Plu·

314 3341 446 3401 toreham
467 3358 503 3399 ex
527 3343 669 3401 communi
690 3340 771 3400 fonte
791 3342 936 3414 hausisse3
970 3360 1062 3417 neque
1091 3346 1182 3403 solum
1210 3345 1239 3401 in
1262 3358 1296 3400 ea
1318 3340 1461 3401 Demetrii
1488 3374 1490 3379 ·

314 3443 390 3501 ritae
411 3452 502 3515 parte,
526 3440 563 3500 ad
586 3458 669 3514 quam
692 3442 911 3501 examinandum
938 3442 1014 3501 illius
1041 3446 1147 3502 relatio
1174 3449 1237 3502 tota
1264 3447 1380 3500 serrata
1407 3448 1460 3503 est,

315 3541 474 3601 sedetiam
497 3542 526 3600 in
549 3542 660 3614 reliqna
680 3541 756 3600 hunc
778 3559 829 3601 sua
851 3543 984 3617 petisisse
1013 3561 1048 3603 ex
1071 3561 1105 3602 eo
1127 3541 1206 3602 tonte
1234 3543 1346 3601 otveri
1368 3542 1462 3600 simile

315 3648 361 3699 ost
382 3650 503 3715 propter
524 3639 686 3717 fragmenta
707 3659 807 3716 paura,
831 3660 904 3717 «quae
926 3660 961 3703 ex
983 3643 1069 3703 Diod.
1091 3645 1110 3701 l.
1131 3644 1203 3703 XXI
1226 3641 1297 3702 satis
1319 3658 1383 3700 cum
1393 3641 1461 3699 Plu-

315 3739 409 3799 tarehi
440 3743 608 3801 narratione
640 3754 800 3816 congruunt
835 3742 884 3816 (cf.
905 3761 934 3817 p.
958 3750 975 3802 5
998 3744 1063 3818 sq),
1097 3752 1125 3803 et
1157 3760 1210 3817 per
1240 3749 1334 3802 totam
1364 3742 1461 3819 sitam,

316 3839 472 3901 sicutmodo
492 3856 529 3900 nc
549 3842 669 3916 ungulis
690 3843 759 3903 iocis
780 3846 829 3903 isti
858 3847 988 3918 opinioni
1009 3845 1151 3917 quaedam
1174 3842 1307 3916 obstent,
1338 3840 1461 3899 mntem

317 3940 425 4002 iontem
446 3944 613 4015 primarium
633 3943 795 4003 adhibitum
817 3959 878 4003 esse
900 3961 954 4017 per
973 3960 1005 4004 se
1028 3956 1071 4003 est
1094 3950 1325 4003 consentaneum.
