3250 5109
1531 455 1547 460 ..
1574 455 1581 460 .
1602 373 1738 459 .-.3-0..
1757 455 1766 459 -

524 580 593 634 et
632 573 810 633 classe
855 555 1063 642 (κατὰ
1104 568 1222 645 γῆν
1262 567 1377 628 καὶ
1418 567 1686 642 να·υσί·ν;
1738 569 1811 629 cf.
1842 570 2007 629 Dem.
2043 586 2090 628 c.
2131 573 2204 630 19
2249 576 2304 630 et
2333 571 2503 630 Diod.
2535 570 2666 645 XX,
2700 574 2807 641 73)

535 675 891 748 Antigonum
934 689 1049 731 una
1091 689 1219 730 cum
1260 671 1379 730 filio
1421 671 1749 745 Aegyptum
1794 687 2127 746 aggressum
2171 688 2312 747 esse,
2349 672 2451 731 sed
2493 689 2555 731 re
2597 671 2811 730 infecta

532 790 595 833 se
637 775 921 847 recepisse
967 772 1138 843 dicit3
1204 772 1355 830 idem
1397 789 1511 831 non
1557 787 1720 830 secus
1763 775 1936 842 atque
1980 770 2268 831 Diodorus
2329 773 2480 844 apud
2520 773 2812 831 Pelusium

537 881 809 947 utrasque
852 875 1046 945 copias
1086 872 1195 931 sibi
1237 874 1527 945 oppositas
1577 872 1753 930 fuisse
1796 870 1994 930 tradit.
2062 872 2207 943 Quid
2225 871 2253 929 ?
2297 888 2483 932 nonne
2526 872 2812 937 iudicium,

536 973 688 1046 quod
743 973 811 1032 fit
874 972 1065 1032 verbis
1123 968 1253 1028 τῶν
1303 966 1377 1028 δὲ
1417 965 1748 1048 βασιλέων
1790 988 1951 1043 sqq.,
2019 972 2434 1045 quodammodo
2498 977 2811 1043 auctorem,

536 1077 633 1146 qui
689 1074 761 1134 ab
821 1073 1097 1148 Antigoni
1156 1074 1321 1131 stetit
1374 1072 1664 1146 partibu8‚
1730 1071 1992 1131 indicat?
2075 1073 2280 1146 Itaque
2340 1073 2687 1132 Pausaniam
2742 1071 2817 1129 de

539 1174 889 1249 temporibus
934 1189 1108 1247 supra
1149 1174 1480 1231 memoratis
1507 1188 1862 1232 communem
1889 1172 2131 1232 Diodori
2174 1180 2231 1232 et
2260 1173 2558 1234 Plutarchi
2598 1173 2818 1233 fontem

538 1274 864 1334 adhibuisse
906 1275 1001 1332 vix
1043 1271 1242 1330 dubito
1285 1277 1554 1330 statuere.

703 1375 793 1432 De
833 1373 1002 1433 rebus
1033 1373 1422 1432 Macedonicis
1466 1378 1661 1432 autem
1691 1374 2007 1432 Pausanias
2052 1374 2185 1446 (IX,
2234 1379 2286 1446 7,
2315 1377 2384 1446 33
2428 1373 2501 1433 cf.
2524 1375 2578 1443 .1,
2630 1376 2724 1445 10,
2757 1366 2821 1449 1)

539 1476 886 1549 paucissima
926 1474 1115 1532 tradit
1155 1489 1366 1546 eaque,
1412 1491 1556 1546 quae
1599 1490 1716 1533 non
1773 1480 1891 1532 tam
1919 1475 2024 1533 ·ad
2082 1473 2380 1533 Plutarchi
2435 1472 2655 1533 fontem
2715 1490 2822 1531 nos

540 1578 830 1648 relegent,
902 1592 1071 1647 quam
1133 1575 1208 1632 ad
1252 1573 1446 1648 Trogi.
1556 1573 1705 1632 Nam
1768 1575 2014 1646 primum
2079 1590 2207 1633 cum
2270 1576 2380 1634 hoc
2422 1576 2705 1647 scriptore
2749 1574 2822 1632 de

540 1692 728 1746 causa,
778 1674 850 1733 ob
895 1691 1064 1746 quam
1104 1675 1411 1747 Antipater
1450 1680 1695 1733 matrem
1735 1674 2040 1753 occiderit,
2102 1679 2431 1736 consentire
2476 1674 2826 1734 Pausaniam

542 1777 750 1836 docent
793 1777 912 1834 eius
955 1773 1134 1833 verba
1174 1763 1590 1851 Ἀλεξάνδρῳ
1635 1773 1850 1849 νέμειν
1880 1775 2076 1838 πλέον
2118 1770 2383 1843 εὐνοίας
2430 1761 2824 1849 αἰτιασάμε-

543 1891 656 1941 νος
704 1881 1040 1949 comparata
1104 1891 1231 1933 cum
1272 1876 1472 1933 Iustin.
1517 1875 1672 1951 XVI,
1725 1882 1775 1951 1,
1803 1881 1846 1936 2
1887 1875 2266 1958 propensior
2290 1871 2505 1957 fuisse
2547 1870 2831 1933 Aleman-

544 1967 660 2032 clro
702 1969 1047 2033 videbatur.
1134 1975 1380 2033 Accedit
1439 1979 1590 2049 quod
1647 1983 1890 2050 uterque
1944 1981 2192 2051 scriptor
2232 1979 2594 2037 Demetrium
2652 1976 2832 2033 solum

543 2074 618 2132 ab
663 2074 998 2133 Alexandro
1042 2075 1379 2132 arcessitum
1421 2092 1606 2148 neque
1664 2078 1900 2136 insidias
1955 2078 2041 2136 illi
2085 2079 2156 2137 ab
2214 2079 2321 2136 hoc
2377 2076 2537 2148 prius
2593 2079 2831 2146 paratas

546 2178 765 2232 narrat.
855 2174 1009 2244 Quas
1053 2173 1126 2234 ob
1172 2191 1373 2234 causas
1415 2193 1541 2236 cum
1584 2177 1658 2236 de
1700 2177 1875 2237 rebus
1903 2178 2289 2238 Macedonicis
2330 2191 2447 2234 non
2489 2189 2621 2233 eum
2663 2189 2829 2244 quem

545 2272 904 2347 PlutarchUS,
952 2276 1053 2334 sed
1094 2292 1262 2349 quem
1307 2276 1527 2351 Trogus
1573 2288 1866 2338 auctorem
1909 2284 2137 2339 secutus
2181 2294 2302 2337 esse
2345 2275 2665 2335 Pausanias
2692 2272 2833 2330 mihi

548 2375 828 2446 videatur,
875 2374 1010 2434 huic
1052 2377 1309 2448 opinioni
1351 2392 1466 2436 non
1511 2378 1734 2451 obstat,
1799 2380 1953 2453 quod
2008 2380 2157 2439 idem
2216 2385 2281 2436 ut
2323 2377 2609 2436 Diodorus
2668 2370 2835 2442 (XXI

544 2474 655 2548 frg.
705 2479 773 2546 ‘73
817 2474 888 2533 cf.
931 2493 1001 2556 p..
1041 2478 1114 2534 15
1158 2477 1310 2545 not.)
1371 2478 1653 2537 Demetrii
1711 2496 1891 2551 opera
1949 2479 2316 2553 Antipatrum
2374 2492 2601 2549 quoque
2659 2475 2835 2531 inter-

544 2574 758 2632 fectum
802 2591 925 2634 esse
968 2579 1277 2635 memoriae
1315 2578 1525 2650 prodit,
1572 2597 1701 2637 cum
1744 2581 1895 2651 apud
1939 2579 2088 2636 hunc
2132 2580 2473 2650 scriptorem
2502 2572 2824 2632 Alexandr<

543 2678 772 2732 mortuo
815 2675 874 2733 id
916 2673 1130 2734 factum
1177 2692 1339 2742 esse,
1398 2677 1552 2750 apud
1609 2678 1772 2736 illum
1817 2678 2143 2737 Alexander
2197 2679 2323 2749 ipse
2379 2673 2580 2732 fratris
2639 2671 2807 2729 morti

542 2790 723 2833 causa
763 2772 939 2833 fuisse
982 2775 1228 2834 dicatur.
1332 2775 1688 2850 Quamquam
1745 2795 1816 2836 ne
1874 2797 2003 2839 cum
2059 2779 2278 2837 Iustino
2334 2774 2565 2848 quidem
2620 2773 2691 2830 de
2735 2772 2793 2828 h:

546 2892 613 2933 re
675 2876 1023 2935 Pausaniam
1087 2894 1407 2950 congruere
1472 2879 1896 2939 concedendum
1966 2886 2073 2939 est.
2191 2878 2372 2949 Quam
2441 2871 2777 2931 difficultate

543 2975 928 3048 probabiliter
971 2992 1063 3034 me
1103 2994 1402 3037 removere
1446 2996 1613 3051 posse
1658 2978 1928 3040 diffiteor.

715 3075 917 3148 Itaque
959 3082 1025 3134 ut
1066 3077 1318 3137 breviter
1361 3080 1872 3157 comprehendam,
1940 3080 2078 3155 quid
2135 3079 2388 3135 statuam
2451 3071 2524 3128 de
2588 3067 2744 3132 font

548 3176 794 3236 istarum
872 3174 1197 3236 Pausaniae
1272 3180 1652 3252 relationum,
1735 3180 2155 3254 Hieronymum
2176 3169 2229 3246 ¹)
2309 3175 2603 3230 auctorem
2709 3191 2731 3230 ε

552 3281 645 3334 tus
707 3291 833 3335 esse
897 3276 1121 3335 videtur
1181 3278 1252 3336 de
1329 3278 1503 3337 rebus
1580 3296 1761 3352 usque
1835 3281 1914 3339 ad
1967 3274 2254 3348 Antigoni
2310 3273 2555 3328 mortem
2649 3288 2714 3348 g

552 3374 654 3434 sed
697 3376 769 3436 de
826 3382 1120 3451 tempore,
1181 3394 1293 3449 quo
1348 3377 1681 3439 Demetrius
1732 3396 1975 3473 regnum
2036 3370 2480 3435 Macedonicum
2537 3384 2694 3433 ocm

552 3478 800 3534 eundem
840 3477 1076 3550 fontem,
1140 3494 1308 3554 quem
1352 3482 1677 3565 Tm
1617 3533 1673 3602 3²·
1713 3528 1717 3534 .
1786 3482 1910 3606 aaut
1946 3473 2033 3554 [r.
2081 3468 2301 3542 ἱῃῑτῇᾞ
2341 3471 2558 3530 inserto
2615 3475 2679 3538 d

552 3582 704 3634 teste
744 3594 880 3638 usus
920 3586 1023 3639 est.
1044 3578 1137 3642 de
1161 3614 1216 3647 s
1250 3610 1292 3646 ,ς
1897 3627 1900 3628 ⁷
1985 3627 2018 3633 s,

1862 3826 2109 3909 {ade
2137 3838 2205 3890 et
2225 3771 2607 3887 auctoritaie..

553 3909 659 3999 v:sia-1
673 3918 683 3922 ⁴
697 3895 739 3944 ¹3
1550 3972 1552 3974 μ
1810 3943 1817 3974 4·
1857 3938 1865 3978 ,ξ
1924 3912 2065 3995 .-3{·'‹
2145 3922 2397 3982 metat
2441 3917 2501 3970 ’ᾗθ
2547 3929 2615 3970 Γ(

565 4011 616 4058 1*
640 4012 643 4014 ’
700 4002 703 4008 ¹
732 4042 736 4049 ι
2103 4002 2381 4078 dum:
2413 4001 2506 4058 'Die
2531 3997 2598 4053 ffi

2357 4098 2482 4188 321·-
2513 4081 2591 4137 45

633 3830 772 3853 -ι’
808 3835 814 3838 ”
