3250 5109
788 458 828 514 29

237 661 351 729 desunt,
375 674 447 731 quae
468 674 533 716 eum
555 674 590 714 ex
612 655 710 714 eodem
731 655 812 713 fonte
833 653 962 712 hausisse
990 653 1132 724 indicent,
1166 670 1200 712 en
1233 671 1288 725 quo
1310 653 1378 710 Plu·

238 760 357 820 tarchus
379 775 429 818 sua
451 757 581 829 sumpsit,
605 771 689 828 quem
710 756 741 812 in
761 755 816 812 hac
845 761 928 828 parte
957 755 1043 813 alium
1073 759 1159 826 atque
1190 770 1274 825 quern
1304 753 1379 812 solet

238 867 385 920 auctorem
415 859 495 930 sequi
526 873 613 929 supra
639 854 760 913 uidimus
794 847 845 927 (cl.
866 873 895 927 p.
921 855 982 925 18).
1043 856 1104 927 Qua
1135 856 1165 912 in
1187 870 1219 911 re
1240 855 1383 926 imprimis

238 962 303 1028 hoc,
326 960 401 1033 quod
422 963 605 1029 memoretur,
630 956 746 1029 dignum
768 961 827 1024 est,
856 954 932 1028 quod
957 955 1026 1014 lust.
1048 955 1126 1026 XVI,
1147 957 1176 1025 2,
1201 957 1217 1012 3
1248 954 1378 1011 similiter

239 1068 326 1134 atque
347 1061 424 1119 Plut.
448 1056 552 1131 Pyrrh.
574 1074 598 1115 c.
626 1060 661 1114 11
695 1054 793 1128 (quem
812 1057 906 1113 locum
932 1072 968 1113 ex
1001 1055 1117 1128 eodem,
1151 1073 1186 1113 ex
1219 1070 1274 1127 qno
1293 1053 1378 1110 Dem.
1477 1110 1479 1114 ,

238 1180 263 1221 c.
286 1164 346 1232 44,
378 1157 459 1217 fonte
479 1159 601 1230 petitum
623 1154 699 1214 infra
720 1154 976 1224 considerabimus)
1000 1157 1127 1214 exercitu
1149 1153 1379 1228 corruptoPyr·

239 1261 308 1319 rhus
339 1259 538 1328 Demetrium,
570 1261 603 1314 ut
634 1254 766 1328 lugeret,
803 1257 928 1329 coegisse
959 1254 1073 1313 dicitnr.
1131 1256 1213 1314 Adde
1245 1254 1319 1327 quod
1352 1258 1380 1310 et

239 1361 363 1419 Iustinus
385 1355 475 1432 (XVI,
498 1360 556 1428 2,1
579 1349 637 1431 sq.)
661 1361 690 1413 et
711 1353 881 1413 Plutarchus
899 1353 993 1428 (Dem.
1018 1373 1042 1414 c.
1065 1350 1118 1434 44)
1141 1358 1262 1429 primunt
1285 1342 1380 1412 Ptole-

240 1477 371 1534 meeum,
406 1459 572 1528 Seleucum,
607 1455 810 1528 Lysimachum
842 1473 872 1514 se
901 1457 1100 1526 coniunxisse,
1134 1457 1247 1515 eosdem
1279 1455 1381 1513 deinde

241 1561 386 1634 Pyrrhum
408 1576 457 1632 spe
479 1560 562 1630 regni
580 1555 761 1615 Macedonici
781 1557 953 1628 assequendi
975 1559 1080 1616 socium
1102 1558 1233 1616 ascivisse
1253 1556 1380 1614 tradunt.

188 1735 190 1738 Ι
244 1659 435 1732 Quamobrem
467 1657 621 1716 levioribus
660 1655 745 1714 rebus
777 1655 887 1714 omissis
920 1672 1097 1716 communem
1128 1659 1237 1717 fontem
1268 1658 1382 1728 utrique

241 1760 374 1831 scriptori
395 1757 482 1815 fuisse
503 1762 607 1826 statuo,
630 1758 684 1814 etsi
698 1756 824 1813 Iustinus
846 1756 882 1813 ad
904 1761 1055 1828 utramque
1076 1757 1244 1816 relationem
1266 1772 1381 1828 compa·

242 1858 363 1916 randam
396 1872 488 1929 pauca
515 1860 627 1913 tautum
648 1858 795 1926 praestat,
829 1853 1000 1913 Plutarchus
1022 1855 1058 1914 de
1079 1856 1233 1928 Antipatro
1258 1873 1275 1914 a
1300 1839 1383 1927 Lysi·

244 1957 346 2015 macho
367 1954 519 2014 interfecto
541 1955 613 2013 nihil
635 1954 732 2013 habet.¹

329 2054 428 2124 ltaque
450 2056 666 2127 comparatione
687 2056 791 2112 Iustini
823 2071 885 2112 com
907 2053 1054 2112 Plutarchi
1075 2059 1105 2112 et
1125 2053 1246 2113 Diodori
1266 2055 1383 2114 relatio-

245 2153 329 2211 nibus
349 2156 480 2213 instituta
502 2154 645 2214 effecimus
666 2156 792 2228 Trogum
813 2155 844 2212 iu
864 2155 883 2211 l.
899 2154 962 2226 XV,
985 2161 1121 2227 quantum
1143 2156 1179 2213 ad
1199 2157 1273 2214 hanc
1294 2171 1383 2228 quae·

244 2255 365 2313 stionem
386 2257 547 2329 pertineat,
571 2257 711 2314 communi
734 2256 847 2314 illorum
868 2255 960 2324 fonte,
982 2258 1001 2313 i.
1024 2273 1048 2314 e.
1070 2255 1246 2327 hieronymo
1268 2261 1385 2315 auctore

245 2372 328 2414 usum
349 2371 422 2422 esse,
454 2357 484 2413 in
506 2358 526 2414 l.
549 2355 632 2428 XVI,
668 2373 692 2414 c.
719 2360 733 2413 1
764 2373 830 2413 eum
859 2356 973 2413 aliunde
1001 2371 1052 2413 sua
1084 2356 1235 2426 petivisse,
1268 2357 1297 2411 in
1319 2359 1383 2412 ci

245 2461 341 2513 autem
362 2457 467 2514 iterum
490 2473 526 2514 ex
546 2457 654 2528 eodem,
677 2471 714 2514 ex
735 2472 791 2527 quo
812 2457 1013 2527 Plutarchum,
1036 2453 1116 2512 fonte
1136 2455 1266 2513 hausisse
1287 2455 1385 2512 videri.

247 2556 322 2626 Quid
343 2571 411 2615 vero
433 2557 468 2615 de
489 2563 605 2616 auctore
627 2560 657 2614 in
679 2558 698 2613 l.
721 2556 798 2629 XVI,
826 2562 840 2613 1
861 2572 903 2627 sq.
925 2554 1054 2614 adhibito
1075 2555 1258 2633 statuendum
1280 2555 1325 2625 sit,
1348 2554 1383 2612 de

247 2672 282 2713 eo
303 2656 379 2714 iufra
401 2658 560 2716 disserendi
581 2658 661 2716 locus
683 2656 811 2716 dabitur.
835 2655 839 2664 '

563 3207 578 3277 ᾗ
598 3209 622 3262 2.
658 3211 705 3260 De
724 3210 905 3262 Pausaniae
923 3209 1074 3262 fontibusi

333 3347 366 3404 In
388 3347 427 3405 eis
449 3365 522 3421 quae
536 3350 693 3410 Pausanias
716 3351 858 3411 derebus
880 3368 969 3425 usque
991 3353 1027 3410 ad
1050 3369 1175 3426 pugnam
1197 3353 1272 3426 apud
1293 3354 1389 3428 Ipsum

249 3449 426 3506 commissam
460 3450 549 3523 gestis
581 3453 705 3510 serravit
735 3453 778 3525 (I,
801 3454 860 3524 6,5
890 3438 1066 3529 παραδούς
1098 3470 1159 3525 sqq.
1189 3482 1221 3493 -
1236 3454 1298 3523 7),
1323 3456 1389 3514 licet

251 3548 320 3605 satis
334 3551 432 3622 paucis
448 3556 484 3621 et,
508 3551 655 3625 inquibus
678 3569 782 3627 magna
798 3554 930 3613 socordia
943 3571 1007 3612 cum
1021 3555 1051 3611 in
1073 3553 1189 3625 singulis
1210 3554 1386 3630 quibusdam,

250 3653 329 3720 tum,
364 3652 430 3722 quia
452 3653 605 3712 multorum
628 3670 768 3712 annorum
796 3671 844 3712 res
871 3653 998 3713 breuiter
1032 3654 1326 3728 comprehenduntur,
1358 3658 1388 3714 in

249 3753 411 3821 temporum
433 3755 646 3825 computatione
669 3760 817 3830 appareat,
839 3760 936 3813 tamen
958 3762 988 3813 et
1009 3753 1045 3812 de
1066 3754 1183 3826 ordine,
1216 3773 1271 3828 quo
1291 3773 1337 3815 res
1359 3775 1389 3816 se

252 3850 432 3923 exceperint,
462 3852 485 3910 is
515 3855 640 3927 scriptor
667 3872 731 3913 cum
752 3855 880 3916 Diodoro
903 3861 932 3914 et
952 3854 1108 3914 Plutarcho
1136 3859 1269 3930 congruit
1297 3875 1389 3932 neque

250 3951 361 4024 singula
382 3952 487 4010 desunt
510 3955 621 4014 similia.
675 3955 715 4015 Ut
745 3957 789 4015 his
822 3963 903 4029 utar,
935 3962 964 4015 et
995 3958 1057 4030 ipse
1078 3957 1257 4015 Demetrium
1279 3975 1305 4016 a.
1329 3960 1387 4015 312

255 4068 379 4110 uvenem
400 4053 527 4126 appellat
549 4047 692 4126 (ἡλικίαν
712 4053 770 4130 μὲν
791 4055 871 4134 νέῳ;
901 4055 935 4116 cl.
958 4057 1041 4117 Dem.
1064 4074 1088 4116 c.
1112 4060 1129 4116 5
1152 4063 1181 4116 et
1202 4057 1287 4117 Diod.
1307 4059 1387 4127 XIX,

253 4153 317 4224 81),
339 4153 450 4213 cladem
471 4156 546 4228 apud
562 4156 669 4215 Gazam
690 4165 837 4232 acceptam
859 4164 958 4232 postea
979 4157 1016 4217 ab
1038 4175 1071 4218 eo
1092 4165 1314 4233 compensatam,
1337 4159 1388 4235 du,-

239 4252 356 4326 ,plicent
378 4255 529 4315 victoriam
551 4257 580 4314 iu
602 4256 676 4317 bello
700 4257 816 4335 Cyprio,
839 4258 959 4316 alteram
981 4258 1016 4317 de
1038 4260 1187 4332 Menelao,
1211 4261 1331 4318 alteram
1354 4261 1388 4320 de

251 4350 343 4413 fratre
367 4355 437 4427 eius,
461 4373 479 4415 a
497 4357 645 4416 Demetrio
666 4365 844 4431 reportatam
865 4374 927 4418 esse
948 4367 1096 4420 memorat.
1121 4361 1195 4434 Quin
1217 4364 1302 4418 etiarn
1325 4378 1389 4419 oum

252 4455 406 4515 Plutarcho
428 4462 458 4514 et
479 4458 607 4518 Diodoro
632 4459 666 4518 de
688 4478 721 4519 co
744 4462 901 4531 consentit,
935 4460 1012 4534 qood
1033 4469 1062 4522 et
1088 4461 1269 4537 pedestribus
1300 4463 1389 4534 copiis
