3250 5109
690 934 831 1049 Caput
864 937 917 1020 ΙΙ.

262 1117 473 1257 Comparantur
508 1116 633 1256 loupoii
662 1114 763 1256 lroqu
799 1114 976 1226 Pausaniae,
1013 1112 1149 1253 lolyaooi
1184 1115 1219 1218 lo
1247 1115 1346 1227 relus,

272 1278 274 1281 ’
310 1282 343 1384 lo
374 1281 479 1421 qulluo
508 1279 614 1420 aqituu
645 1277 798 1382 rolatlouoo
828 1314 894 1380 curo
923 1275 1075 1380 Plutarcho
1107 1290 1135 1379 ot
1163 1275 1294 1379 lioloro.

512 1662 526 1721 ἓ
546 1659 569 1712 1.
605 1659 653 1708 De
672 1658 816 1720 Pompeii
835 1657 932 1718 Trogi
948 1657 1102 1708 fontibus.

320 1792 381 1849 Iam
403 1790 556 1859 rideamus,
573 1789 674 1860 quibus
695 1805 731 1847 ex
751 1789 880 1847 fontibus
894 1790 1048 1863 Pompeius
1063 1791 1184 1864 Trogus,
1206 1788 1376 1862 Pausanias,

238 1891 401 1961 Polyaenus
422 1889 451 1945 in
473 1886 559 1945 rebus
579 1894 646 1960 post
660 1889 818 1947 Alexandri
839 1894 959 1947 mortem
981 1892 1070 1963 gestis
1085 1889 1264 1958 enarrandis,
1286 1906 1376 1962 qnan-

239 1995 299 2046 tum
322 1988 359 2046 ad
380 2004 423 2060 ea,
446 1985 482 2044 de
504 1986 605 2059 quibus
627 1990 656 2045 in
671 1989 809 2047 Demetrii
823 1991 883 2047 rita
901 1994 930 2046 et
951 1990 979 2046 in
995 1989 1116 2048 Diodori
1136 1989 1274 2048 librorum
1295 1997 1379 2062 parte

240 2104 258 2146 a
279 2087 361 2145 nobis
383 2091 510 2145 tractata
529 2090 634 2160 agiam,
656 2089 811 2160 pertinent,
835 2106 888 2148 sua
907 2091 1070 2162 petiverint.

323 2185 493 2260 Priusquam
508 2192 603 2246 autem
626 2189 662 2248 ad
679 2190 806 2262 Trogum
827 2170 872 2248 uel
893 2191 1032 2248 Iustinum
1046 2188 1122 2261 (XV,
1148 2191 1204 2258 1,6
1226 2207 1296 2263 sqq,
1319 2193 1379 2262 2,6

240 2303 313 2362 sqq,
337 2290 365 2359 4,
379 2289 417 2344 21
441 2303 510 2359 sqq,
533 2287 612 2356 XVI,
638 2291 651 2344 1
668 2293 699 2346 et
712 2287 744 2361 2)
767 2290 945 2362 accedamus,
966 2306 1059 2361 pauca
1080 2290 1292 2363 praemonenda
1306 2297 1379 2349 sant.

238 2386 355 2446 Etenim
377 2387 412 2445 de
433 2388 483 2445 illo
504 2403 554 2444 suo
583 2388 646 2445 iure
667 2389 878 2458 Haeren¹):
913 2387 1091 2464 ,Omnino,“
1124 2391 1226 2460 inquit,
1263 2391 1309 2455 „in
1337 2390 1381 2447 his

239 2487 324 2545 libris
347 2481 398 2561 (sc.
413 2483 596 2560 XIH-XV)
619 2488 691 2546 adeo
713 2491 907 2563 negligentem
923 2507 954 2550 se
969 2489 1103 2562 praebuit
1124 2488 1258 2562 lustinus,
1350 2493 1383 2546 ut

240 2591 270 2644 et
291 2603 403 2647 omnem
423 2603 521 2646 rerum
554 2592 583 2645 et
612 2594 776 2661 temporum
809 2591 939 2650 ordinem
960 2589 1074 2665 turbet,
1107 2606 1141 2648 ac
1173 2589 1278 2659 multa,
1310 2605 1382 2661 quae

241 2689 354 2751 omnino
369 2687 619 2746 commemoranda
639 2687 768 2761 inissent,
785 2692 869 2763 plane
885 2692 998 2750 silentio
1019 2693 1196 2762 praetereat,
1218 2694 1250 2746 ut
1266 2689 1383 2746 omnino
1458 2716 1460 2721 .

242 2801 299 2843 non
320 2785 481 2858 historiam,
504 2787 555 2845 sed
569 2788 707 2848 historiae
728 2791 848 2849 lacinias
863 2793 968 2864 potius,
990 2791 1066 2848 male
1087 2791 1163 2848 inter
1182 2804 1213 2846 se
1228 2786 1382 2859 confertas,

243 2885 326 2943 nobis
349 2887 509 2945 exhibeat.“
542 2887 642 2959 itaque
655 2887 764 2946 Iustino
786 2891 980 2962 epitomatori‚
1003 2905 1059 2947 non
1081 2888 1175 2961 Trogo
1196 2888 1259 2959 ipsi,
1282 2882 1382 2956 multa,

243 3002 314 3056 quae
347 2987 544 3061 neglegentius
576 2991 605 3045 et
636 2987 751 3046 breuius
784 2990 894 3046 tradita
923 2996 1004 3062 sunt,
1037 2988 1150 3046 crimini
1182 2986 1277 3044 danda
1308 2992 1383 3043 sunt.

244 3087 489 3158 Quemadmodum
510 3089 608 3146 statim
641 3086 678 3144 ad
700 3089 849 3148 Gamalam
870 3088 1049 3146 Demetrium
1082 3081 1123 3162 (a.
1148 3081 1222 3162 312)
1246 3102 1264 3142 a
1287 3084 1383 3144 Ptole·

243 3203 325 3245 maeo
346 3189 453 3246 uictum
475 3203 535 3245 esse
557 3187 684 3244 Iustinus
707 3188 786 3264 (XV,
802 3192 827 3255 1,
841 3189 884 3258 6),
906 3187 1005 3260 tradit,
1029 3203 1091 3245 cum
1114 3186 1144 3244 in
1155 3186 1243 3259 Trogi
1264 3186 1387 3258 prologo

243 3287 262 3343 l.
284 3288 339 3345 XV
360 3292 439 3346 reete
462 3287 540 3346 Gaza
561 3288 733 3347 nominetur.
776 3287 922 3361 Sequitur,
956 3287 1088 3346 similiter
1110 3291 1197 3358 atque
1219 3286 1296 3359 apud
1318 3285 1385 3343 Plu·

247 3387 377 3445 tarchnm
398 3381 498 3464 (Dem.
525 3404 548 3444 c.
574 3386 607 3456 5)
631 3394 660 3446 et
680 3389 839 3447 Diodorum
862 3388 958 3460 (XIX,
982 3388 1054 3458 85),
1084 3386 1275 3446 humanitatis·
1289 3387 1386 3444 Ptole·

248 3487 323 3543 maci
345 3490 502 3561 exemplum
525 3483 607 3566 (lust.
620 3491 684 3561 XV,
710 3493 768 3558 1‚7
787 3484 873 3565 sqq),
897 3489 932 3547 de
954 3505 1011 3560 qno
1033 3488 1171 3546 lustinum
1186 3501 1249 3544 oum
1265 3488 1388 3555 utroque

245 3585 295 3642 illo
317 3587 456 3656 scriptore
477 3591 545 3648 satis
567 3603 740 3663 congruere,
764 3592 806 3648 ita
827 3596 859 3647 ut
880 3589 965 3646 modo
988 3589 1025 3646 ad
1045 3588 1128 3645 huius
1148 3586 1233 3645 modo
1255 3584 1291 3642 ad
1312 3583 1388 3640 illius

245 3685 415 3744 relationem
436 3691 555 3761 propius
577 3690 712 3757 accedat,
746 3690 830 3749 docet
859 3689 1039 3761 comparatio
1067 3687 1219 3746 verborum
1240 3683 1388 3741 Plutarchi

246 3791 276 3842 et
297 3784 418 3844 Diodori
448 3779 608 3865 (ἀπέβαλε
631 3807 693 3863 sqq.
722 3777 778 3860 τήν
800 3807 834 3846 τε
857 3782 1004 3848 diodorum
1026 3806 1108 3861 sqq.;
1144 3785 1193 3844 cf..
1212 3804 1241 3860 p.
1264 3778 1297 3860 9)
1325 3801 1389 3843 cnon

246 3885 365 3943 Instini:
400 3883 604 3962 (Ptolemaeus)
632 3897 660 3946 et
686 3885 802 3948 amicos
834 3882 982 3948 Demetrii
1012 3905 1074 3945 mora
1100 3881 1199 3945 solum
1228 3902 1296 3943 eam
1323 3879 1389 3940 acuis

248 3980 346 4058 rebeus,
368 4003 475 4044 veroum
496 3983 588 4045 etiam
611 3983 732 4048 additia
750 3986 880 4069 increper
893 3983 1071 4046 marteribus
1092 3981 1212 4045 dimisit
1218 4005 1229 4059 ,·
1249 3993 1277 4042 et
1290 3979 1391 4062 ipsias

247 4082 400 4145 Demetrii
425 4083 587 4167 privatam
615 4105 701 4147 omme
729 4086 964 4146 instrumentorum
986 4105 1025 4146 ac
1045 4081 1215 4167 familiam
1242 4075 1389 4142 reddidit.

319 4289 338 4357 ¹)
356 4287 388 4341 A.
407 4288 441 4340 H.
461 4287 492 4341 L.
511 4287 656 4356 Heeren,
676 4287 862 4342 commentatio
879 4288 913 4340 de
931 4286 1012 4353 Trogi
1035 4285 1152 4354 Pompeii
1176 4284 1286 4349 eiusque
1311 4279 1392 4348 epito-

249 4375 355 4430 matoris
373 4373 468 4428 luscini
485 4372 601 4429 fontibus
619 4379 646 4427 et
661 4374 832 4442 auctoritate,
853 4373 923 4427 Gott.
943 4371 1012 4426 1800
1030 4378 1056 4426 et
1076 4370 1156 4440 1802,
1176 4383 1239 4438 pars
1256 4368 1290 4434 II,
1309 4384 1332 4422 c.
1351 4366 1393 4420 15.
