3250 5109
823 476 825 485 ,
853 425 871 477 4

257 675 269 703 ,
292 641 391 684 maeus
414 625 471 683 dux
491 640 652 709 pugnarum
673 625 783 696 peritus
804 622 908 694 fuisse,
936 610 1011 685 idem
1037 627 1148 699 regium
1168 633 1339 699 apparatum
1361 632 1432 688 ami·
1501 620 1504 629 ’

291 740 393 798 cosque
419 729 517 796 captos
538 724 704 783 adversario
732 726 891 798 remisisse,
922 725 1009 784 Cilles
1032 725 1069 785 ad
1090 727 1270 784 Demetrium
1291 744 1327 785 ex
1348 728 1432 801 Syria

289 824 454 898 pellendum
483 826 583 884 missus
612 825 800 899 neglegenter
822 840 854 882 se
875 826 1013 898 gessisse,
1043 826 1118 884 idem
1148 827 1184 885 de
1212 828 1365 900 improviso
1395 829 1432 887 ab

290 924 340 983 illo
363 925 471 996 petitus
492 925 610 996 ipseque
632 929 746 999 captus,
778 925 941 1000 Antigonus
969 924 1020 982 filii
1040 927 1162 985 victoria
1181 926 1274 985 laetus
1300 927 1433 987 Celaenis

290 1028 320 1084 in
343 1022 631 1096 Syriam-profectus
662 1040 738 1097 esse;
772 1025 894 1097 denique
922 1025 998 1096 apud
1026 1031 1176 1099 utrumqne
1204 1029 1372 1099 scriptorem
1401 1031 1432 1086 in

290 1125 472 1198 expeditione
493 1141 511 1183 a
532 1125 680 1184 Demetrio
700 1125 730 1182 in
746 1123 913 1183 Nabataeos
935 1123 1012 1182 faeta
1033 1126 1141 1186 mentio
1161 1125 1194 1184 fit
1216 1127 1343 1186 locorum
1357 1145 1434 1201 aqua

292 1227 449 1284 serentium
471 1219 569 1298 (Dem.
592 1226 648 1282 cl
670 1225 718 1289 εἰς
740 1211 863 1288 τόπους
886 1211 1064 1301 ἀνύδρους,
1086 1225 1173 1284 Diod.
1196 1243 1221 1284 c.
1246 1229 1285 1283 97
1308 1227 1341 1285 ἐν
1360 1208 1444 1304 epp?

291 1324 353 1401 pc‘qc
375 1321 432 1381 καὶ
460 1313 575 1388 τόποις
606 1314 677 1381 οὐδ’
700 1309 793 1400 ὕδωρ
821 1318 973 1396 ἔχουσιν,
1006 1323 1043 1384 cf.
1073 1341 1098 1383 c.
1122 1329 1162 1383 94
1195 1314 1343 1401 ἄνυδρος
1364 1314 1432 1406 γάρ

293 1411 387 1491 οὖσα,
410 1441 449 1483 sc.
471 1415 491 1494 ἡ
512 1416 661 1499 ἔρημος),
683 1424 809 1481 incursio
832 1428 927 1482 autem
949 1425 998 1483 illa
1020 1427 1050 1483 in
1072 1425 1260 1499 Babyloniam
1282 1428 1433 1488 Demetrio

293 1527 363 1586 duce
385 1528 518 1597 suscepta
540 1540 601 1582 esse
631 1523 735 1582 dicitur
759 1524 889 1596 duaeque
917 1541 1000 1583 arces
1021 1527 1051 1583 in
1072 1541 1107 1586 ea
1127 1534 1207 1586 terra
1228 1536 1432 1588 memorantur.

375 1627 448 1685 Tum
469 1623 554 1681 Dem.
578 1639 601 1681 c.
614 1626 725 1694 8—14,
748 1623 889 1695 quomodo
911 1625 1075 1685 Demetrius
1095 1644 1114 1686 a
1134 1632 1218 1700 patre
1239 1630 1268 1685 in
1284 1628 1433 1688 Graeciam

291 1729 396 1786 missus
418 1726 458 1794 (a.
484 1724 558 1794 307)
588 1728 707 1795 repente
736 1722 871 1781 Piraeum
898 1723 1016 1782 navibus
1045 1728 1226 1799 occupaverit
1255 1735 1284 1786 et
1305 1727 1434 1802 Megaris

290 1825 503 1899 Munychiaque
517 1824 609 1896 captis
624 1822 752 1880 Athenas
767 1821 791 1891 ¹)
815 1838 845 1880 se
860 1825 1016 1882 contulerit
1038 1822 1135 1898 ibique
1153 1826 1254 1899 ,multis
1275 1827 1434 1887 honoribus

176 1912 179 1917 ⁵
292 1928 411 1988 affectus
433 1927 481 2000 sit,
504 1929 666 1984 enarratur.
709 1904 804 1995 Atque
833 1924 1005 1982 Plutarchus
1034 1941 1100 1983 cum
1126 1925 1255 1985 Diodoro
1286 1923 1368 2002 (XX,
1393 1929 1431 1986 45

293 2036 322 2090 et
343 2029 417 2100 46),
450 2032 586 2100 quantum
608 2026 645 2083 ad
674 2041 770 2083 rerum
792 2023 921 2081 ordinem
943 2024 1083 2094 pertinet,
1113 2040 1147 2082 eo
1171 2029 1328 2099 consentit,
1357 2027 1434 2100 quod

292 2135 412 2200 uterque
435 2127 557 2198 scriptor
585 2125 664 2182 illam
692 2124 903 2196 expeditionem
931 2127 998 2180 ante
1020 2122 1127 2181 bellum
1150 2123 1285 2197 Cyprium
1308 2143 1431 2186 comme·

291 2233 395 2288 morat.
419 2227 482 2285 Nec
496 2231 590 2283 tamen
606 2225 663 2282 alia
677 2224 779 2282 desunt
801 2228 979 2295 argumenta,
1002 2223 1104 2299 quihus
1126 2240 1304 2283 communem
1324 2224 1432 2286 fontem

291 2327 450 2388 adhibitum
473 2342 537 2384 esse
565 2325 728 2384 doceamur.
773 2323 849 2380 Nam
878 2323 955 2394 apud
985 2329 1137 2395 utrumque
1158 2341 1176 2382 a
1197 2324 1345 2384 Demetrio
1364 2342 1432 2398 pro-

292 2428 427 2488 clamatio
447 2424 533 2497 faeta,
558 2423 641 2494 filius,
662 2428 696 2481 ut
710 2424 836 2483 Graecos
858 2421 895 2481 ah
918 2411 1047 2483 ho'stibus
1069 2425 1215 2491 liberaret,
1236 2425 1273 2484 ab
1288 2424 1434 2500 Antigono

183 2535 190 2553 '
292 2529 402 2598 missus,
426 2526 535 2584 decimo
557 2525 658 2596 quinto
679 2539 754 2582 auno
783 2527 849 2595 post
872 2504 985 2581 ¹bellurn
1013 2525 1181 2582 Lamiacum
1209 2525 1321 2583 finitum
1343 2527 1433 2586 Athe·

293 2628 434 2686 niensium
454 2641 500 2682 res
521 2623 635 2695 publica
655 2622 747 2680 libera
776 2622 914 2680 restituta
932 2638 995 2680 esse
1017 2622 1155 2695 traditum
1186 2626 1252 2696 quin
1281 2627 1369 2684 etiam
1398 2627 1434 2685 de

293 2726 374 2787 donis
405 2724 511 2797 populo
542 2721 711 2780 Atheniensi
744 2723 889 2780 concessis
924 2725 1034 2780 tantum
1066 2739 1122 2780 non
1154 2739 1274 2796 prorsus
1306 2741 1435 2800 congrua

292 2829 421 2886 narrant.
491 2829 495 2837 “

377 2925 543 2997 Sequuntur
565 2927 594 2980 et
616 2921 692 2994 apud
704 2919 889 2979 Plutarchum
911 2919 950 2994 (c.
966 2923 1102 2998 15-18)
1125 2928 1155 2981 et
1176 2924 1253 2995 apud
1274 2925 1434 2985 Diodorum

165 3052 167 3059 >
205 3010 207 3015 ¹
293 3025 450 3097 (XX,›46
473 3041 519 3082 ex.
538 3021 635 3091 -53)
664 3037 712 3078 res
740 3021 770 3077 in
798 3019 894 3092 Cypro
922 3022 1016 3081 insula
1043 3029 1142 3096 gestae
1174 3025 1215 3095 (a.
1247 3025 1333 3094 306).
1388 3025 1433 3082 De

185 3188 190 3195 ,
243 3160 247 3165 -
293 3125 394 3198 quibus
416 3141 479 3182 cum
491 3121 640 3182 Plutarchi
661 3120 766 3178 relatio
785 3122 856 3178 satis
876 3136 975 3192 pressa
996 3127 1030 3214 et¹
1045 3123 1135 3181 multo
1155 3123 1270 3182 brevior
1289 3126 1327 3181 sit
1348 3140 1434 3195 quam

293 3225 454 3291 Diodorea‚
476 3227 572 3282 tamen
594 3238 652 3279 non
673 3221 789 3291 desunt,
826 3236 899 3292 quae
919 3202 1098 3280 communem
1119 3219 1228 3281 fontem
1256 3228 1285 3280 et
1312 3212 1435 3281 huic'et

291 3328 333 3385 illi
355 3323 492 3395 scriptori
514 3319 602 3380 fuisse
624 3319 759 3379 indicent.
802 3319 877 3377 Nam
899 3326 1020 3393 uterque
1041 3328 1142 3380 narrat
1156 3322 1321 3381 Menelaum
1342 3323 1433 3381 aDe-

291 3426 403 3496 metrio,
426 3424 590 3496 priusquam
608 3419 790 3478 Ptolemaeus
812 3419 932 3496 adesset,
953 3438 1050 3494 pugna
1072 3437 1132 3480 esse
1153 3422 1268 3494 victum,
1292 3422 1359 3480 huic
1379 3423 1434 3494 ipsi

291 3524 456 3586 advenienti
478 3522 580 3580 multas
613 3522 709 3596 copias
740 3524 895 3602 terrestres
928 3538 1072 3594 navesque
1103 3520 1189 3580 fuisse
1222 3523 1319 3591 (Dem.
1343 3541 1367 3582 c.
1395 3524 1432 3581 15

291 3610 376 3700 perd
409 3609 580 3696 δυνάμεως
614 3615 743 3692 πεζικῆς
770 3616 829 3678 καὶ
856 3619 1013 3693 ναυτικῆς
1042 3609 1202 3695 μεγάλης,
1233 3621 1323 3682 Diod.
1345 3641 1369 3682 c.
1392 3626 1432 3680 49

294 3716 437 3797 δύναμιν
459 3717 546 3792 ἔχων
566 3709 743 3794 ἀξιόλογοι
764 3712 894 3791 πεζικήν
915 3738 950 3778 τε
971 3718 1028 3778 καὶ
1048 3711 1231 3796 ναυτικὴν),
1254 3723 1432 3782 deindeMe-

291 3826 406 3885 nelaum
426 3822 512 3881 fratri
533 3823 655 3881 classem
676 3837 757 3879 suam
778 3819 884 3880 auxilio
905 3823 1019 3879 mittere
1040 3823 1148 3880 iussum
1170 3838 1250 3894 esse,
1283 3822 1435 3894 sexaginta

292 3934 388 3986 autem
408 3938 494 3981 naves
515 3921 560 3987 illi,
578 3919 664 3979 fuisse
685 3922 783 3992 eisque
805 3920 901 3979 decem
922 3937 941 3979 a
961 3920 1110 3981 Demetrio
1141 3925 1288 3996 oppositas
1319 3937 1382 3978 esse
1404 3922 1435 3979 in

292 4031 379 4101 portu
401 4028 532 4098 angusto.
575 4022 695 4080 Accedit
716 4021 792 4094 quod
813 4020 943 4079 similiter
971 4027 1000 4080 et
1022 4021 1068 4081 hic
1097 4027 1126 4081 et
1154 4024 1204 4080 ille
1231 4021 1355 4092 scriptor
1384 4021 1434 4079 de-

293 4127 395 4200 pingit,
419 4126 526 4194 quanta
547 4120 708 4180 sollicitudo
723 4119 871 4180 Demetrio
893 4126 923 4180 et
943 4120 1109 4181 Ptolemaeo
1132 4123 1167 4181 de
1187 4137 1285 4193 pugna
1306 4121 1434 4178 commit·

364 4353 384 4420 ¹)
403 4351 492 4420 Spatio
509 4353 632 4406 semestri
649 4369 673 4406 a.
692 4351 743 4406 307
762 4352 844 4407 altero
856 4353 1017 4408 Demetrium
1035 4352 1063 4406 iu
1080 4366 1111 4406 ea
1127 4350 1191 4404 urbe
1208 4348 1292 4404 fuisse
1310 4349 1362 4403 iarn
1379 4364 1433 4402 mo·

294 4444 419 4494 numento
437 4445 579 4502 testantur3
598 4437 631 4492 ef.
650 4439 681 4492 U.
700 4438 844 4494 Koehler
861 4439 889 4492 in
906 4439 1006 4497 Herma
1023 4437 1183 4493 Beroliuensi
1201 4437 1235 4506 V,
1253 4434 1305 4488 349
1323 4450 1363 4503 sq.
