3250 5109
788 418 826 474 39

735 497 881 505 ——-——

321 620 377 679 Sed
398 620 454 677 iam
476 617 576 690 paucis
597 615 740 689 agendum
761 618 806 673 est
834 614 870 673 do
898 613 955 672 alio
983 613 1045 671 uiro
1067 612 1247 684 Atheniensi,
1278 613 1326 685 qui
1348 617 1376 670 ot

238 724 301 795 ipse
322 719 505 780 aPlutarcho
528 716 674 776 adhibitus
694 716 808 774 videtur
830 731 899 796 esse,
923 714 1210 773 deDemochare.
1242 713 1376 785 00100-

241 823 396 882 mosthenis
419 821 525 880 sororis
545 818 619 877 filius
647 823 676 876 et
695 815 836 875 Demetrii
858 816 1039 875 Poliorcetaa
1067 815 1209 888 aequalis,
1240 813 1309 873 belli
1330 815 1377 874 do·
1487 818 1490 827 “

214 986 220 999 Ι,
240 926 331 997 mique
354 924 429 982 benc
450 922 586 994 meritus,
618 919 765 977 historiam
787 933 884 976 rerum
913 922 1059 990 gestarum
1080 932 1150 975 suae
1182 917 1287 974 aetatis
1308 916 1378 974 satis

239 1025 363 1098 amplam
385 1023 509 1096 scripsit,
533 1037 589 1081 noo
603 1026 662 1078 tam
676 1018 812 1077 historico
836 1033 920 1089 quam
936 1019 1064 1076 oratorio
1085 1033 1191 1091 genere
1207 1012 1280 1093 (Cio.
1293 1016 1377 1075 Brut.

238 1141 263 1182 0.
280 1123 329 1192 83,
352 1118 437 1197 280),
460 1122 538 1180 cuius
553 1121 725 1194 paucissima
745 1117 908 1191 fragmenta
923 1124 1037 1177 servata
1057 1124 1132 1177 sunt.
1156 1114 1251 1192 Atque
1265 1120 1378 1191 patriae

239 1224 462 1282 amantissimum
491 1237 545 1280 nec
573 1221 714 1280 serviliter
750 1220 886 1279 adversus
908 1219 1087 1279 Demetrium
1121 1218 1313 1280 Poliorcetem
1348 1236 1378 1278 se

241 1329 386 1396 gerentem
409 1340 472 1382 oum
492 1323 528 1382 da
550 1322 644 1380 nimiis
666 1320 888 1392 adulationibus,
911 1320 1014 1392 quibus
1035 1319 1226 1380 Athenienses
1241 1319 1378 1396 Antigoni

240 1421 329 1482 filium
351 1422 516 1497 affecerunt,
539 1423 629 1481 libere
651 1423 777 1480 locutum
799 1437 860 1480 esse
880 1421 966 1480 ctiam
988 1439 1024 1483 ax
1047 1422 1162 1493 paucis,
1193 1438 1266 1495 qnae
1288 1422 1378 1481 Athe·

240 1542 327 1586 naeus
356 1527 391 1598 (l.
413 1525 462 1595 VI,
484 1542 512 1597 p.
536 1522 622 1582 252f
651 1531 680 1582 et
707 1522 766 1580 253
781 1522 809 1594 b,
831 1544 873 1570 =
894 1519 948 1596 frg.
974 1525 991 1580 3
1014 1527 1043 1581 et
1064 1523 1098 1593 4)
1131 1541 1167 1582 cx
1187 1523 1205 1580 l.
1227 1525 1268 1582 20
1288 1527 1318 1581 et
1340 1525 1377 1580 21

240 1626 301 1684 eins
322 1626 458 1684 historiae
481 1622 615 1695 serravit,
635 1622 805 1698 fragmentis
828 1638 995 1697 cognoscas.
1026 1644 1029 1653 ·

324 1727 387 1797 Qua
408 1740 443 1783 ex
464 1725 583 1784 historia
597 1724 784 1783 Plutarchum
805 1725 835 1782 in
849 1724 990 1782 Demetrii
1009 1726 1068 1783 vita
1084 1721 1277 1783 'describenda
1299 1723 1380 1798 quid-

242 1842 327 1902 quam
348 1825 476 1885 hausisse
495 1842 597 1899 parum
618 1830 697 1883 recte
713 1825 826 1883 videtur
840 1823 909 1883 mihi
923 1840 1042 1898 negasse
1056 1823 1178 1897 Droys
1188 1840 1230 1882 en
1245 1825 1282 1895 (l⁷
1299 1823 1381 1898 083).

241 1928 332 1985 Immo
346 1943 402 1985 non
417 1932 470 1995 est,
492 1944 543 1984 cur
558 1925 729 1994 dubitemus,
752 1927 821 1998 quin
842 1941 877 1983 ex
891 1940 926 1984 aa
941 1906 1055 1999 sumpta
1077 1926 1135 1983 sint
1154 1927 1277 1999 primum
1292 1943 1316 1984 c.
1332 1930 1382 1993 27,

243 2029 370 2100 quamvis
392 2045 448 2088 non
466 2032 612 2100 tamquam
628 2025 690 2086 lons
713 2027 752 2085 ibi
774 2027 936 2085 nominatus
950 2026 994 2094 sit,
1018 2026 1144 2086 facetum
1165 2028 1254 2101 ipsius
1265 2028 1381 2099 dictum,

244 2147 298 2202 quo
330 2129 509 2188 Demetrium
530 2128 716 2201 lamiamque
748 2125 926 2202 significavit.
970 2126 1099 2186 Indidem
1131 2125 1194 2185 fieri
1227 2134 1320 2201 potest
1351 2133 1383 2187 nt

243 2232 334 2303 petita
356 2232 412 2290 sint
434 2248 459 2289 0.
473 2233 511 2288 24
535 2247 578 2289 ex.
602 2236 631 2288 et
651 2231 713 2301 ipsa
732 2228 829 2301 verba,
852 2244 924 2301 quae
945 2227 1139 2286 Demochares
1162 2230 1191 2286 in
1213 2228 1382 2287 Stratoclem

243 2332 356 2389 locutus
379 2329 570 2400 asseramur,
605 2335 635 2398 at
662 2329 744 2401 illud,
778 2330 854 2402 quod
876 2345 911 2386 ea
933 2327 1119 2388 Democharis
1151 2329 1227 2387 exilii
1242 2331 1266 2399 ¹)
1299 2347 1384 2389 causa

244 2428 330 2489 fuisse
349 2430 511 2490 traduntur.
554 2431 709 2489 Praeterea
732 2429 877 2488 sententia
898 2429 1046 2502 quaedam,
1068 2446 1141 2501 quae
1165 2429 1382 2503 c.101egitur,

243 2532 333 2590 eidem
355 2531 459 2590 morito
480 2529 600 2590 attribui
622 2529 734 2589 videtur
756 2529 809 2588 hac
832 2530 1047 2602 comparatione
1070 2531 1216 2588 instituta:

286 2688 368 2746 Dem.
395 2706 420 2747 0.
445 2692 482 2748 10
515 2673 571 2747 too
599 2675 814 2769 Admivdwll:
880 2687 1112 2763 Democh.frg.3
1131 2689 1175 2748 cd.
1193 2689 1289 2748 Muell.
1311 2677 1384 2748 aad·

248 2784 389 2859 ἐπαχθῆ
416 2785 471 2846 καὶ
499 2775 609 2865 (lapda
632 2787 788 2864 ἐποίησαν
811 2766 814 2831 Ῑ
839 2806 889 2848 πει
912 2775 1200 2864 parachronismo
1231 2788 1281 2863 (so.
1312 2791 1382 2848 adu-

246 2885 295 2961 (sc.
320 2885 353 2969 01
372 2879 566 2960 Ἀθηναῖοι)
590 2886 655 2947 τῶν
686 2889 788 2966 τιμῶν
812 2870 815 2903 ¹
839 2893 978 2950 lationum
1030 2888 1260 2963 Atheniensium)
1313 2889 1385 2948 ἔνια

246 2991 323 3054 ταῖς
356 2981 544 3065 ἀμετρίαις,
582 2974 623 3055 ἅς
660 2989 787 3074 ἐψηφί-
812 2978 815 3036 i
841 2981 943 3051 αὐτόν
966 2991 1017 3066 (sc.
1031 2989 1223 3064 Demetrium)
1247 2982 1291 3056 ὠς
1316 2986 1384 3050 ἔοι-

248 3105 358 3148 oocoto.
840 3109 894 3150 κεν
987 3078 1070 3150 ὥστε
1102 3088 1159 3150 καὶ
1192 3077 1295 3150 αὐτόν
1328 3079 1386 3152 ndo

814 3196 816 3271 ᾗ
840 3181 1029 3277 Δημήτριον
1040 3182 1235 3267 θααμαὶζεια
1247 3191 1296 3254 ἐπὶ
1312 3200 1384 3260 τοῖς

814 3281 1040 3371 ἷγινομέαοις,
1083 3290 1139 3352 καὶ
1170 3289 1294 3369 λέγειν,
1332 3282 1384 3353 ὅτι

813 3369 816 3414 ³
842 3384 952 3460 οὐδεὶς
986 3386 1030 3452 ἐπ’
1065 3386 1172 3453 αὐτοῦ
1195 3386 1387 3467 Ἀθηναίων

812 3456 815 3593 Ξ
840 3490 954 3599 γέγομε
975 3492 1080 3568 μέγας
1113 3492 1170 3554 καὶ
1203 3481 1387 3574 010ρό0τὴ0

812 3604 815 3679 1
841 3605 964 3671 ψυχιμι.

507 3718 515 3741 h

332 3760 401 3827 lam,
427 3761 451 3818 si
473 3762 660 3824 Democharis
681 3764 751 3824 illud
772 3765 801 3823 in
824 3765 996 3827 Stratoclem
1018 3768 1126 3828 dictum
1159 3772 1214 3843 ipsi
1234 3774 1297 3833 iure
1318 3791 1387 3848 quo⁴

249 3864 315 3922 dam
338 3858 529 3929 attribuimus,
551 3866 675 3932 omnino,
699 3881 772 3938 quae
794 3865 830 3924 de
851 3867 994 3927 Stratocle
1007 3868 1029 3940 ⁹)
1051 3869 1080 3927 in
1101 3868 1243 3931 Demetrii
1265 3876 1324 3934 vita
1344 3878 1388 3933 in·

255 4016 401 4025 ---........-.—.
420 4018 449 4025 ...ι

322 4108 341 4175 ι)
360 4108 393 4165 cf.
413 4108 512 4164 dehoc
531 4110 607 4165 exilio
625 4110 775 4182 Droyson
793 4113 815 4183 1,
834 4112 893 4183 505,
912 4121 965 4170 not.
984 4112 1025 4169 lc.
1061 4114 1184 4172 Alterum
1201 4117 1316 4173 ciusdem
1334 4120 1389 4174 exi-

250 4194 322 4260 lium,
342 4194 415 4250 cuius
432 4197 460 4250 in
479 4195 580 4251 decreto
599 4198 625 4251 in
644 4198 768 4254 honorem
786 4201 841 4255 cius
864 4201 934 4257 facto
961 4202 1063 4273 (lPlut.]
1080 4205 1125 4259 vit.
1144 4205 1170 4257 X
1187 4211 1262 4275 crat,
1281 4222 1307 4275 p.
1325 4207 1387 4274 851)

250 4281 403 4351 1000110111,
431 4283 464 4336 ab
492 4284 564 4337 initio
581 4299 605 4339 a.
623 4284 674 4339 296
702 4285 745 4353 (cf.
765 4286 809 4344 W.
828 4288 1075 4357 Dittenherger
1101 4292 1128 4345 in
1155 4291 1253 4346 Herma
1270 4293 1305 4355 Il,
1325 4293 1387 4362 293)

252 4368 336 4422 -287
353 4369 456 4424 videtur
472 4371 561 4426 fuisse.

323 4453 343 4523 ²)
360 4457 400 4513 De
418 4457 552 4529 Stratocle,
571 4457 749 4531 complurium,
768 4479 833 4531 quae
850 4464 877 4519 in
889 4465 1060 4519 monumentis
1074 4481 1097 4521 a.
1107 4464 1243 4521 307-301
1257 4467 1387 4536 leguntur,
