3250 5109
764 1105 904 1217 Caput
941 1107 1013 1188 ill.

320 1288 483 1412 Quaeritur,
508 1323 579 1425 queo
609 1288 701 1424 len-too
722 1287 894 1392 Plutarchus
922 1305 1039 1427 yoneter
1057 1289 1259 1429 Hieronymum
1289 1288 1463 1393 oihnbuerut.

714 1697 729 1753 ς’
750 1693 773 1744 1.
809 1693 1066 1754 De.Phylarcho.

405 1832 555 1907 Quoniam,
578 1849 650 1905 quae
671 1833 860 1906 Hieronymo,
891 1835 1039 1892 Plutarchi
1061 1835 1090 1891 in
1112 1834 1173 1890 vita
1193 1831 1336 1891 Demetrii
1357 1832 1461 1890 descri-

320 1931 415 1998 benda
437 1932 604 2005 grauissimo
633 1936 758 2004 auctori,
792 1935 977 1993 attribuenda
1008 1935 1173 1992 viderentur
1194 1949 1273 1999 esse,
1299 1919 1392 2005 supra
1413 1949 1462 1990 ex-

320 2033 476 2104 posuimus,
500 2049 574 2090 nunc
595 2034 624 2089 in
639 2039 750 2092 ceteros
771 2033 873 2106 fontes,
898 2051 968 2106 quos
990 2036 1018 2092 in
1040 2033 1142 2092 eadem
1157 2035 1215 2092 vita
1236 2034 1377 2096 adhibitos
1399 2049 1464 2090 esse

321 2133 471 2204 apparuit,
509 2133 695 2202 inquiramus.
748 2134 844 2206 Atque
871 2151 895 2191 c.
916 2138 1058 2202 41-44,
1092 2151 1185 2206 aquo
1206 2134 1269 2192 loco
1296 2132 1464 2190 commodis·

321 2233 390 2289 sime
426 2233 552 2304 incipere
586 2232 731 2306 uidemur,
763 2235 868 2290 minum
900 2236 930 2292 in
961 2235 1091 2305 modurn,
1127 2239 1302 2306 quantopere
1322 2228 1463 2287 Demetrii

321 2334 415 2406 imago
437 2334 466 2390 in
488 2333 570 2403 peius
599 2333 678 2403 picta
700 2338 752 2403 est,
776 2339 928 2407 tantopere
942 2333 1048 2406 Pyrrhi
1068 2334 1206 2393 fortitudo
1226 2330 1357 2390 laudibus
1378 2327 1462 2387 effer-

321 2438 379 2490 tur.
424 2430 495 2489 Cum
518 2433 593 2490 enirn
616 2433 792 2491 Macedones
814 2434 890 2492 hunc
913 2450 1011 2508 regern
1033 2441 1066 2491 ut
1094 2433 1183 2492 armis
1214 2432 1321 2489 clarum
1348 2434 1376 2486 et
1401 2425 1463 2485 for-

322 2533 461 2590 tissimum
483 2533 608 2589 maxime
630 2532 765 2591 admirati
787 2549 848 2591 esse
871 2539 956 2605 atque
978 2534 1007 2590 im
1030 2550 1064 2591 eo
1078 2550 1135 2590 uno
1155 2533 1309 2604 imaginem
1324 2528 1463 2586 audaciae

323 2631 482 2689 Alexandri
503 2632 664 2702 suspexisse
686 2636 715 2688 et
729 2631 938 2701 humanitatem
961 2663 1012 2714 -1
1022 2649 1093 2704 quae
1115 2631 1205 2704 qualis
1226 2629 1414 2704 fueritssane
1429 2647 1464 2687 ex

324 2729 399 2787 Plut.
423 2729 528 2801 Pyrrh.
552 2746 576 2786 c.
596 2733 631 2786 11
655 2737 776 2802 apparet
813 2761 850 2770 —
887 2734 914 2790 ei
935 2731 1098 2792 attribuisse
1119 2730 1264 2800 dicantur,
1299 2727 1466 2786 Demetrius

323 2836 470 2902 tamquam
497 2835 577 2889 actor
606 2832 734 2903 tragicus
754 2833 892 2902 vestitus,
924 2851 977 2892 usu
998 2832 1148 2902 molestus,
1185 2829 1329 2893 difficilis,
1364 2844 1466 2900 super-

324 2931 387 3005 bus,
418 2932 589 3003 luxuriosus,
620 2948 720 3003 asper,
744 2934 805 2990 rari
827 2933 921 2990 aditus
945 2950 1005 2990 esse
1027 2930 1162 2990 traditur.
1207 2930 1286 3001 Quae
1307 2935 1339 2987 ut
1359 2927 1465 2986 Hiero·

323 3046 446 3102 nymum
466 3029 569 3088 fecisse
592 3031 736 3103 dicamus,
765 3030 829 3090 fieri
852 3048 910 3090 non
931 3049 1015 3105 posse
1038 3047 1126 3103 snpra
1147 3031 1328 3104 cognorimus
1350 3027 1390 3100 (p.
1416 3029 1462 3098 18,

323 3133 362 3188 23
386 3128 450 3203 sq).

406 3230 467 3288 Iam
488 3248 555 3290 uero
576 3232 732 3303 eteorum,
756 3249 829 3304 quae
850 3232 935 3304 paulo
958 3222 1272 3297 commemoravimus,
1294 3231 1323 3284 et
1344 3227 1466 3284 aliarum

324 3346 429 3396 rerum,
451 3347 521 3403 quas
544 3332 579 3390 ab
602 3332 778 3405 Hieronymo
800 3330 1031 3397 abiudicauimuS,
1054 3329 1146 3399 partis
1177 3327 1289 3398 quidem
1317 3330 1466 3383 auctorem

324 3429 480 3491 Plutarcho
491 3431 580 3490 luisse
591 3435 722 3505 suspicor
736 3431 991 3503 phylarchum,
1014 3429 1061 3500 qni
1072 3420 1230 3501 Ἱστορίας
1242 3428 1282 3482 28
1292 3424 1375 3483 libris
1388 3442 1465 3484 com-

323 3525 481 3601 prehensas
504 3532 625 3605 scripsit.
670 3533 795 3603 Quarum
816 3532 892 3588 ratio
924 3535 953 3588 et
985 3522 1090 3587 natura
1114 3543 1147 3584 ea
1169 3530 1241 3596 erat,
1276 3531 1308 3583 ut
1329 3541 1384 3584 mon
1407 3531 1467 3583 tam

325 3646 372 3688 res
394 3631 562 3703 simpliciter
595 3638 624 3690 et
647 3633 800 3706 diligenter
829 3631 988 3701 descriptas
1015 3633 1101 3699 atque
1130 3642 1231 3684 causas
1260 3643 1466 3698 causarumque

328 3737 444 3789 euentus
467 3732 610 3804 expositos
632 3734 819 3801 continerent,
849 3746 943 3802 quam,
972 3734 1004 3786 ut
1026 3728 1113 3784 animi
1142 3729 1346 3786 commotiones
1373 3733 1466 3784 secta-

325 3837 435 3906 rentur,
448 3831 593 3890 rhetorice
605 3848 650 3890 res
663 3832 862 3906 depingerent,
874 3830 983 3888 festivis
996 3828 1221 3886 narratiunculis
1242 3828 1420 3886 delectarent
1432 3824 1464 3894 ¹).

327 3932 366 3990 Ut
387 3931 441 3990 hoc
463 3939 547 3999 utar,
579 3949 688 3989 summo
721 3933 812 3990 studio
845 3931 880 3990 de
912 3929 1058 3987 luxuriosa
1091 3930 1150 3987 uita
1181 3945 1281 4002 regum
1312 3940 1465 3996 eorumque

328 4032 471 4102 comitum,
495 4031 531 4088 de
553 4031 708 4089 eorundem
730 4031 895 4103 vinolentia,
918 4030 953 4087 de
970 4028 1170 4088 meretricibus
1191 4024 1368 4086 memorabat
1389 4025 1466 4097 Phy-

325 4133 442 4190 larchus
477 4130 527 4201 (cf.
557 4130 631 4205 frgg.
657 4134 684 4199 7,
709 4134 756 4203 10,
782 4133 829 4202 19,
853 4133 902 4203 22,
926 4131 975 4202 30,
999 4133 1047 4202 31,
1070 4132 1120 4205 40,
1143 4133 1193 4201 41,
1215 4128 1264 4198 45,
1287 4127 1360 4197 62);
1393 4142 1470 4198 quae

362 4438 363 4442 ’
397 4432 416 4497 ¹)
436 4430 557 4485 Miller
574 4431 596 4497 I,
615 4430 737 4484 LXXIX.
