3250 5109
795 388 831 442 al

326 585 420 657 Atque
442 602 506 642 cum
533 576 553 656 ἡ
573 582 637 641 τῶν
658 569 835 652 διαδόχων
857 577 992 658 ἱστορία
1019 583 1063 640 sel
1086 573 1105 653 ἡ
1125 580 1189 640 tuin
1212 572 1387 655 διαδόχων
1449 611 1452 616 ·

239 681 300 744 καὶ
325 670 482 758 ἐπιγόνων
511 679 645 757 ἱστορία
659 683 682 753 ²)
705 683 740 741 ab
763 683 942 754 Hieronymo
965 681 1108 740 Cardiano
1131 682 1291 756 descripta,
1315 701 1386 757 quae
1444 670 1449 678 ⁸

242 792 336 844 toturn
357 783 428 842 illud
451 785 590 855 temporis
610 784 733 854 spatium
755 783 790 840 ab
813 781 973 840 Alexandri
987 781 1089 854 Magni
1110 799 1199 855 usque
1221 783 1257 840 ad
1282 783 1388 856 Pyrrhi

240 890 366 944 mortem
390 883 591 955 (323-272),
614 883 657 941 vel
679 880 803 940 fortasse
819 884 906 940 etiam
926 882 1035 952 aliquot
1056 896 1147 939 anuos
1169 884 1290 955 amplius
1311 900 1387 942 com-

242 988 331 1060 plexa
353 989 406 1054 est,
428 989 541 1040 tantum
563 999 620 1041 nou
641 987 704 1041 tota
725 983 861 1056 perierit,
891 981 928 1039 ad
949 997 1039 1054 genus
1065 981 1209 1040 scribendi
1237 987 1265 1040 et
1292 998 1386 1042 mores

242 1088 305 1144 eius
338 1084 535 1142 diiudicaudos
566 1101 601 1141 ex
625 1079 791 1154 fragmentis
812 1081 981 1154 perpaucis,
1005 1096 1077 1152 quae
1099 1086 1212 1138 serrata
1233 1088 1308 1154 sunt,
1329 1100 1387 1141 non

238 1187 333 1243 multa
356 1186 429 1241 sumi
459 1182 587 1255 possunt.
641 1183 779 1240 Attamen
811 1197 846 1238 ex
878 1177 1046 1250 fragmentis
1083 1182 1111 1237 iu
1143 1182 1220 1239 vitae
1241 1182 1387 1254 Pyrrhia

243 1284 399 1343 Plutarcho
423 1284 584 1356 descriptae
611 1300 635 1340 c.
661 1285 708 1347 17,
740 1283 787 1346 19,
817 1282 859 1336 27=
887 1278 1006 1338 servatis
1034 1279 1088 1338 hoc
1118 1280 1288 1339 concludere
1319 1283 1388 1340 licet

238 1387 412 1458 scriptorem
435 1384 515 1442 illum
536 1398 670 1440 numeros
685 1398 742 1440 non
757 1383 787 1438 in
802 1381 893 1438 maius
914 1380 1037 1449 auxisse,
1059 1378 1109 1437 sed
1129 1377 1196 1438 fidei
1218 1385 1247 1438 et
1273 1382 1388 1439 veritati

243 1486 309 1559 plus
341 1501 425 1555 quarn
447 1485 557 1541 animos
579 1482 734 1556 legentium
764 1478 958 1538 commovendi
990 1479 1084 1537 studio
1112 1477 1265 1551 tribuisse3
1295 1498 1387 1552 neque

242 1584 429 1656 splendorem
461 1589 490 1641 et
522 1583 646 1656 speciem
678 1581 817 1640 orationis
851 1577 971 1636 eundem
1002 1583 1143 1637 sectatum
1175 1597 1239 1638 esse
1261 1585 1388 1640 testatur

243 1684 366 1754 Dionys.
388 1683 423 1740 de
445 1699 536 1754 comp.
558 1682 637 1739 verb.
659 1698 683 1738 o.
705 1684 733 1736 4.

331 1780 387 1838 Sed
408 1780 500 1851 plura,
533 1780 589 1837 nisi
609 1777 702 1850 fallor,
732 1795 818 1850 qnam
840 1796 876 1836 ex
896 1776 1081 1852 fragmentis,
1116 1796 1151 1837 cx
1173 1782 1234 1852 eis,
1258 1799 1330 1853 quae
1352 1782 1388 1840 de

246 1880 417 1949 Hieronymi
448 1879 506 1936 vita
537 1879 691 1936 memoriae
710 1878 837 1949 -prodita
866 1884 946 1948 sunt,
980 1886 1200 1951 consequuntur.
1257 1880 1330 1937 Nam
1352 1880 1388 1938 ab
1454 1923 1456 1929 .

228 1979 387 2046 'Eumene
409 1978 453 2034 cni
474 1978 600 2037 amicitia
621 1979 868 2036 coniunctissimus
898 1975 986 2036 fidum
1009 1995 1040 2036 se
1061 1981 1221 2051 praestitit,
1245 1981 1282 2039 ad
1303 1980 1386 2038 Auti-

247 2082 373 2150 patrum,
393 2076 468 2136 idem
489 2083 590 2149 postea
610 2076 647 2136 ab
670 2079 817 2151 Antigono
838 2078 875 2136 ad
896 2077 1054 2137 Eumenem
1075 2081 1188 2154 legatus
1211 2082 1311 2138 missus
1333 2085 1387 2137 est.

246 2177 360 2235 Deinde
393 2177 428 2236 ab
449 2177 595 2251 Antigono
628 2183 729 2249 captus
762 2179 841 2236 lacus
872 2177 1054 2252 Asphaltitae
1086 2180 1245 2239 custodiam
1277 2180 1387 2252 accepit

245 2277 344 2351 (Diod.
364 2278 445 2346 XIX,
471 2280 551 2351 100),
575 2276 676 2349 Syriae
697 2280 862 2350 provinciae
883 2277 921 2336 ab
943 2279 1043 2338 eodem
1071 2278 1196 2353 (loseph.
1218 2285 1318 2339 contra
1332 2280 1387 2353 Ap.

245 2378 268 2448 l,
290 2375 355 2447 23),
377 2383 478 2449 postea
506 2376 644 2436 Boeotiae
666 2393 684 2434 a
704 2376 852 2436 Demetrio
881 2376 970 2450 (Plut.
992 2379 1074 2438 Deru.
1097 2395 1122 2436 c.
1146 2379 1197 2450 39)
1225 2377 1387 2450 praefectus

244 2485 303 2549 est3
334 2478 456 2550 denique
479 2494 543 2536 eum
563 2494 673 2537 summo
700 2476 798 2537 favore
829 2479 977 2551 amplexus
1007 2483 1051 2536 est
1074 2479 1235 2552 Antigonus
1256 2479 1386 2537 Gonatas

247 2576 346 2655 (Paos.
369 2578 392 2649 l,
418 2580 464 2647 13,
489 2570 533 2653 9).
576 2577 638 2637 Iam
661 2595 739 2650 vero,
764 2580 808 2636 cui
830 2584 859 2637 et
880 2581 1023 2641 Eumenes
1043 2585 1073 2637 et
1091 2581 1250 2653 Antigonus
1271 2581 1387 2652 eiusque

244 2679 321 2736 filius
341 2683 369 2736 et
389 2693 479 2751 nepos
502 2695 638 2737 summam
660 2678 745 2738 fidem
767 2679 943 2749 habuerunt,
976 2681 1024 2752 qui
1056 2681 1085 2738 in
1114 2682 1156 2737 rei
1184 2679 1314 2753 publicae
1336 2679 1386 2737 ad·

246 2778 453 2836 ministratione
476 2777 573 2836 floruit
595 2784 682 2852 atque
703 2781 819 2855 summis
837 2780 992 2839 honoribus
1013 2778 1130 2839 functus
1154 2786 1204 2850 est,
1227 2797 1291 2838 eum
1312 2785 1387 2836 tem·

245 2878 327 2948 poris
349 2879 390 2936 sui
412 2877 498 2938 rebus
519 2876 715 2937 describendis
735 2879 803 2936 satis
830 2880 965 2938 idoneum
987 2896 1051 2938 esse
1073 2882 1215 2952 oportuit,
1251 2880 1386 2951 quoniam

243 2976 358 3036 facilins
379 2995 462 3051 quam
484 2979 534 3037 alii
554 2979 694 3054 pleraque
723 2996 897 3052 cognoscere
917 2982 1023 3060 potuit
1063 2981 1103 3038 Et
1123 2995 1192 3037 vero
1214 2996 1248 3038 eo
1270 2978 1386 3037 maioris

244 3080 381 3136 momenti
401 3096 446 3137 res
468 3084 568 3150 gestae
590 3077 625 3136 ab
647 3094 682 3136 eo
710 3080 817 3138 litteris
839 3081 991 3138 mandatae
1012 3079 1180 3138 iudicandae
1203 3083 1285 3147 sunt,
1320 3081 1387 3150 quia

244 3195 300 3237 non
321 3179 418 3250 pauois
439 3180 498 3251 ipse
518 3177 705 3251 interfuerat3
731 3196 816 3251 quem
827 3178 1056 3253 Agatharchides
1079 3173 1234 3254 ([Lucian.]
1257 3179 1385 3238 Macrob.

172 3351 175 3355 Ι
241 3292 267 3334 c.
291 3273 536 3350 animandum
558 3280 641 3337 bellis
663 3285 827 3352 versatum,
861 3282 965 3339 multos
995 3279 1109 3338 labores
1131 3286 1160 3338 et
1181 3279 1299 3338 vulnera
1320 3295 1385 3349 per-

234 3393 357 3448 ¹pessum
389 3395 451 3436 esse
483 3396 538 3437 uec
570 3385 668 3438 tamen
700 3396 789 3453 usque
821 3380 858 3438 ad
890 3381 1019 3438 ultimum
1047 3381 1123 3438 vitae
1155 3380 1231 3437 diem
1251 3380 1281 3437 iu
1300 3380 1385 3436 ullius

243 3494 343 3537 sensns
362 3494 414 3536 usu
436 3483 487 3536 aut
515 3481 638 3538 sanitate
660 3480 815 3551 quidquam
837 3479 1015 3538 desiderasse
1043 3479 1244 3549 hominumque
1267 3494 1384 3536 consue·

241 3579 336 3637 tudini
356 3595 470 3651 semper
491 3585 591 3651 aptum
613 3579 700 3636 fuisse
722 3578 822 3636 tradit.

327 3679 468 3750 Quoniam
490 3679 526 3737 de
546 3678 716 3750 Hieronymi
739 3679 798 3736 vita
830 3683 860 3736 et
881 3678 1002 3736 historia
1023 3679 1165 3753 diximus,
1198 3693 1272 3735 nunc
1293 3693 1386 3749 pauca

242 3778 389 3850 addamus,
413 3797 487 3851 quae
509 3795 544 3837 ex
565 3780 684 3838 Diodori
706 3784 735 3835 et
750 3776 908 3848 Plutarchi,
922 3779 947 3834 si
967 3783 1044 3836 recte
1060 3793 1108 3836 eos
1124 3779 1173 3836 illo
1195 3783 1313 3836 auctore
1334 3776 1385 3835 uiti

243 3880 437 3951 probavimus
460 3878 650 3937 relationibus
672 3879 805 3951 perlectis
826 3878 862 3936 ad
884 3894 976 3936 mores
998 3879 1058 3935 eius
1080 3884 1110 3936 et
1131 3877 1275 3936 scribendi
1295 3879 1385 3935 ratio·

243 3996 308 4037 nem
328 3978 513 4038 illustrandos
534 3979 713 4051 proveniunt.
756 3979 826 4036 Inde
847 3980 945 4051 igitur,
969 3978 1046 4050 quod
1068 3978 1106 4036 ad
1122 3979 1272 4037 historiam
1294 3978 1386 4049 ipsam

241 4080 354 4148 attinet,
378 4076 552 4136 Gordianum
583 4077 663 4134 illum
685 4078 892 4148 descriptiones
913 4078 1018 4147 etiarn,
1051 4093 1124 4148 qnae
1157 4079 1248 4136 minus
1279 4075 1384 4134 adres

242 4185 339 4252 gestas
360 4178 551 4251 pertinebant,
573 4193 775 4249 nonnunquam
796 4177 950 4236 inseruisse
978 4172 1027 4249 (of.
1049 4177 1134 4236 Diod.
1157 4175 1237 4248 XIX,
1263 4177 1310 4243 94,
1335 4176 1385 4249 98,

316 4395 336 4461 ¹)
356 4393 389 4447 cf.
411 4397 535 4446 Usener
553 4394 580 4447 iu
597 4393 667 4446 Mus.
686 4393 771 4447 Rhen
790 4392 890 4461 XXIX,
909 4391 943 4446 36
960 4397 1013 4446 not.
1032 4392 1057 4444 2.
