3250 5109
738 445 885 528 ΜΠ,

238 644 460 718 praetermissae
482 656 545 700 esse
567 640 623 700 diei
645 642 763 712 possint.
816 641 948 710 Denique
980 639 1072 697 eidem
1101 643 1254 713 scriptores
1284 635 1379 718 (Dein.

239 764 263 804 c.
276 747 326 814 26,
348 741 434 800 Diod.
451 742 516 813 XX,
543 742 616 811 110)
639 741 673 799 de
689 741 838 798 Demetrio
851 732 1002 811 'mysteriis
1023 739 1162 798 initiando
1183 757 1285 811 parurn
1307 744 1382 800 inter

240 863 270 903 se
292 843 483 910 consentiunt,
505 842 581 900 unde
602 841 786 900 Plutarchum
808 840 843 897 de
864 840 920 898 ista
937 839 1072 897 realium
1092 839 1199 899 fontem
1221 840 1381 900 adhibuisse

241 936 296 1004 iarn
319 943 369 1001 alii
389 941 579 1015 probabiliter
601 943 793 1000 coniecerunt.

326 1043 461 1100 Venimus
483 1040 588 1100 adres
610 1057 628 1097 a
650 1040 805 1098 Plutarcho
829 1043 1083 1108 commemoratas,
1116 1057 1190 1113 quae
1213 1041 1289 1114 apud
1310 1040 1382 1099 Dio-

241 1145 344 1203 dorum
365 1157 425 1199 non
447 1143 630 1199 inveniuntur
651 1156 744 1211 neque
767 1141 796 1196 in
818 1141 958 1197 communi
979 1141 1125 1211 utriusque
1150 1137 1230 1198 fonte
1251 1141 1382 1198 videntur

241 1243 369 1301 traditae
390 1257 460 1298 esse.
503 1241 640 1310 Primum,
674 1240 749 1310 quod
771 1239 944 1297 Plutarchus
968 1239 1006 1309 (c.
1030 1243 1048 1295 7
1071 1237 1128 1312 ex.)
1149 1242 1382 1299 Halicarnassum

243 1361 261 1400 a
282 1340 430 1398 Demetrio
451 1340 602 1398 liberatam
625 1356 685 1398 esse
707 1339 804 1407 tradit,
828 1339 872 1404 id,
905 1355 970 1397 eum
1003 1356 1095 1410 neque
1116 1342 1192 1413 apud
1214 1342 1382 1404 Diodorum,

244 1423 489 1514 quamquamvel
509 1442 584 1511 XX,
608 1443 648 1497 20
681 1441 785 1497 11137
819 1435 866 1515 (ut
886 1440 1107 1497 Bruechn'er
1128 1458 1156 1512 p.
1180 1443 1240 1497 269
1270 1438 1382 1509 monet)

243 1541 306 1599 fieri
326 1542 429 1616 potuit,
453 1544 642 1610 memoretur,
675 1555 766 1611 neque
788 1541 817 1595 in
840 1539 928 1610 ipsius
949 1537 1097 1598 Plutarchi
1128 1539 1295 1598 narratione
1317 1545 1386 1613 apte

243 1659 307 1701 cum
337 1638 578 1713 praecedentibus
612 1639 767 1697 cohaereat
798 1636 846 1710 (cf.
874 1637 1096 1711 Droysen-I‚
1119 1640 1205 1712 408),
1238 1657 1273 1698 ex
1305 1639 1385 1713 fonte
1453 1655 1457 1665 ·

243 1742 383 1800 communi
406 1756 463 1799 non
485 1741 606 1812 petitum
628 1755 689 1796 esse
711 1740 780 1796 lieet
801 1744 937 1797 statuere.
960 1739 1020 1795 lam
1043 1755 1109 1797 vero
1130 1756 1178 1796 res
1199 1740 1384 1812 aDemetrio,

244 1842 312 1900 dum
327 1839 448 1896 Athenis
469 1845 670 1911 commoratur,
693 1846 789 1911 gestae
811 1840 951 1909 plurimae
964 1855 982 1894 a
994 1837 1148 1897 Plutarcho
1170 1839 1385 1909 describuntur3

245 1956 367 2014 quarum
401 1956 462 1997 curn
494 1953 611 2009 prorsus
643 1939 746 1996 nullius
778 1937 857 2010 apud
877 1937 1038 1997 Diodorum
1060 1939 1166 1997 mentio
1186 1939 1237 1997 fiat
1260 1971 1296 1979 -
1320 1956 1387 1997 narn

243 2041 278 2100 de
300 2039 456 2099 honoribus
478 2037 635 2108 Demetrio,
659 2035 707 2095 ubi
729 2038 853 2109 primum
876 2038 1005 2098 Athenas
1026 2040 1120 2110 11111,
1140 2039 1255 2098 tributis
1276 2045 1387 2097 utrum-

244 2159 298 2214 que
320 2142 490 2212 scriptorem
511 2153 567 2196 111
590 2138 716 2196 indidem
737 2155 788 2196 sua
808 2139 940 2197 hausisse
969 2139 1060 2197 rideri
1081 2140 1167 2210 paulo
1190 2145 1258 2197 aute
1280 2155 1386 2212 eogno-

243 2243 335 2299 vimus
359 2270 407 2311 -,
430 2241 490 2297 sine
513 2238 691 2297 dubitatione
713 2237 901 2296 Plutarchum
935 2241 974 2306 (o.
1000 2242 1130 2304 11-13,
1163 2240 1211 2312 23,
1248 2242 1298 2310 24,
1328 2233 1387 2316 26]

245 2344 332 2399 etiam
354 2342 383 2397 in
406 2340 446 2397 111
468 2339 552 2397 rebus
572 2337 742 2396 enarrandis
764 2339 851 2395 alium
873 2344 1021 2396 auctorem
1044 2344 1172 2396 secutum
1195 2355 1257 2396 esse
1279 2348 1387 2398 statue·

245 2459 318 2500 1111.
360 2440 421 2499 Nee
453 2441 544 2511 magis
571 2439 715 2497 Diodorus
748 2443 888 2496 memorat
919 2439 1049 2495 11111111
1081 2441 1173 2495 minas
1204 2444 1234 2496 et
1264 2440 1387 2511 superba

246 2543 391 2613 postulata
412 2541 552 2598 Demetrii
575 2538 790 2609 Ptolemaeique
813 2543 882 2595 ante
904 2553 1030 2621 pugnam
1052 2538 1182 2596 naualem
1200 2538 1238 2595 ad
1261 2539 1387 2612 Cyprum

246 2643 423 2724 commissam
456 2636 555 2718 (Deru.
581 2656 604 2696 1.
631 2634 684 2712 15)
719 2653 772 2695 111
804 2636 895 2695 refert
926 2638 1121 2708 Demetrium,
1154 2639 1321 2711 priusquam
1353 2656 1388 2697 ex

247 2742 369 2798 Graecia
390 2757 452 2797 eam
473 2741 595 2798 insulam
616 2742 743 2811 peteret,
778 2737 907 2809 Sicyonis
935 2743 965 2796 et
987 2737 1117 2795 Corinthi
1139 2739 1239 2796 ducem
1260 2755 1387 2797 eorrum-

246 2854 316 2910 pere
337 2837 469 2894 oonatum
492 2853 554 2895 esse
576 2835 650 2911 (ib),
683 2837 805 2894 eundem
838 2844 938 2909 postea
960 2837 1130 2895 Corinthum
1161 2838 1304 2909 praesidio
1324 2854 1388 2894 cor·

247 2945 334 3008 rupto
356 2939 462 3009 cepisse
484 2936 580 3006 (Dein.
604 2954 627 2993 c.
650 2935 715 3006 25).
751 2937 829 3006 Quae
851 2937 1006 2994 relationes
1029 2953 1092 2993 eum
1114 2952 1211 2994 omnes
1233 2937 1388 2994 earundem

247 3035 360 3094 urbium
383 3038 554 3094 mentionem
576 3034 697 3106 faciant,
730 3034 913 3093 hauddubie
936 3035 1092 3093 exeodem
1122 3033 1201 3092 sonte
1222 3051 1240 3092 a
1261 3035 1389 3096 Diodoro

248 3153 306 3196 non
327 3136 454 3194 adhibito
475 3138 583 3209 petitae
605 3141 681 3193 sunt.

330 3237 391 3295 Iam
413 3252 481 3294 vero
503 3253 566 3294 cum
587 3237 708 3308 simplici
729 3237 780 3294 illa
790 3236 934 3294 scribendi
956 3239 1076 3308 ratione,
1099 3253 1184 3311 quam
1206 3239 1235 3294 in
1248 3238 1390 3296 communi

248 3339 396 3410 utriusque
418 3338 567 3410 scriptoris
591 3336 669 3394 fonte
692 3339 882 3412 cognovimus
915 3353 1018 3410 parurn
1040 3338 1162 3409 quadrat
1183 3339 1256 3395 mira
1278 3342 1307 3394 et
1328 3354 1388 3394 ma-

249 3427 354 3512 gnifica
376 3437 533 3508 descriptio
556 3438 694 3496 victoriae
716 3436 752 3496 ab
775 3438 959 3497 Aristodemo
980 3440 1145 3512 nuntiatae,
1168 3455 1252 3510 quarn
1273 3438 1389 3495 Plutar-

249 3538 319 3595 ehus
340 3537 429 3595 tradit
450 3537 488 3604 (c.
514 3532 575 3613 17),
599 3539 652 3595 etsi
673 3536 735 3596 fieri
757 3545 862 3614 potest,
885 3543 917 3596 ut
938 3540 962 3596 is
981 3540 1025 3597 vir
1045 3541 1075 3596 in
1096 3533 1200 3611 legatis
1223 3555 1240 3596 a
1261 3536 1390 3596 Diodoro

251 3638 332 3708 (XX,
358 3637 410 3706 53]
434 3638 598 3696 memoratis
620 3642 650 3695 11
670 3640 716 3696 vel
737 3641 870 3711 princeps
886 3655 984 3697 eorum
1005 3637 1099 3697 fuerit.
1141 3638 1214 3696 Item
1236 3639 1331 3695 neseio
1353 3654 1390 3695 an

248 3740 310 3795 iure
333 3738 570 3814 magnificentior,
594 3755 677 3811 quarn
694 3755 871 3797 communem
892 3741 972 3798 illum
993 3737 1102 3796 fontem
1117 3738 1227 3809 deceat,
1250 3739 1391 3797 iudicetur

249 3854 311 3896 1111
333 3838 488 3911 descriptio
520 3840 716 3911 exsequiarum
744 3856 923 3912 pompaeque
952 3837 1079 3897 funebris
1107 3838 1247 3896 Demetrii
1275 3839 1390 3910 eiusque

248 3939 378 4008 rationis,
402 3954 457 4011 qua
478 3938 640 4012 Antigonus
659 3941 685 3997 ei
708 3941 820 3999 obviam
839 3942 966 3999 venienti
987 3938 1157 4012 processisse
1179 3937 1271 3997 fertur
1292 3937 1389 4007 (Dem.

248 4059 273 4099 c.
296 4040 360 4110 53).

335 4140 392 4199 Sed
414 4142 499 4201 etiam
521 4141 594 4199 ahae
615 4157 662 4198 111
684 4142 802 4201 minoris
823 4143 960 4199 momenti
990 4142 1020 4198 in
1039 4141 1179 4199 Demetrii
1211 4141 1271 4197 rita
1300 4138 1389 4211 pluri-

240 4260 313 4310 mae
336 4246 513 4314 eomparent,
536 4256 609 4313 quae
631 4243 813 4300 continentur
828 4242 914 4300 variis
936 4241 1152 4300 narrationibus
1174 4245 1203 4298 et
1224 4240 1388 4327 narratiun-

248 4342 329 4414 culis,
354 4342 451 4414 quales
472 4342 555 4400 modo
588 4340 625 4398 ad
656 4355 739 4418 eum,
772 4358 855 4415 quem
886 4339 1076 4414 depingebat,
1109 4338 1275 4398 referendas
1306 4340 1390 4398 modo

249 4445 344 4502 minus
366 4459 431 4500 cum
459 4459 493 4500 eo
527 4441 712 4502 cohaerentes
746 4444 820 4503 solet
851 4441 911 4502 fere
943 4444 973 4502 in
993 4444 1059 4502 vitis
1080 4441 1237 4502 scribendis
1257 4441 1391 4499 relationi

299 4544 323 4586 M
332 4553 399 4586 oers
408 4543 582 4598 ehbaeher,
598 4545 740 4590 Plutarchus
753 4547 778 4590 in
791 4547 843 4589 vita
856 4546 978 4590 Demetrii.
1279 4548 1291 4586 2
