3250 5109
794 429 830 483 16

127 680 130 691 .
239 644 358 700 parasse
380 627 450 687 dicit
481 626 564 689 nobis
591 641 649 685 uon
681 622 881 701 persuadebit;
914 638 1016 694 parum
1049 623 1125 679 euim
1159 622 1309 694 probabile
1341 630 1385 682 est

238 727 330 790 illum,
354 728 399 785 cui
419 729 530 786 minore
551 727 681 800 periculo
704 727 750 783 vel
775 725 806 781 in
827 721 999 780 Macedonia
1020 723 1083 794 ipsa
1104 725 1197 780 tectus
1218 740 1236 781 a
1257 724 1315 781 suis
1338 724 1383 781 vel

239 829 269 885 in
291 829 395 887 itinere
416 834 539 886 mortem
558 824 666 886 inferre
686 826 843 899 potuisset,
875 822 937 880 eius
968 820 1161 881 interficiendi
1183 824 1332 882 consilinm
1355 825 1384 881 in

240 927 391 986 Thessalia
412 927 525 984 demum
546 928 663 998 cepisse.
708 927 788 997 Quae
816 937 881 995 rea,
911 922 935 977 si
965 921 1033 993 qnid
1060 921 1158 994 video,
1188 925 1283 994 potius
1314 922 1385 981 Plu-

240 1026 341 1085 tancho
363 1027 420 1098 ipsi
440 1027 537 1085 nescio
558 1042 614 1099 quo
637 1040 736 1083 errore
759 1024 853 1092 ducto,
887 1036 972 1093 quam
993 1019 1065 1077 ionti
1087 1022 1165 1097 eius,
1197 1023 1385 1082 attribuenda

240 1131 295 1184 est.
339 1125 495 1184 Praeterea
516 1127 546 1183 iu
566 1124 692 1183 eiusdem
715 1123 865 1195 scriptoris
888 1137 912 1178 c.
937 1122 977 1177 40
1006 1124 1107 1192 aperte
1136 1118 1238 1179 falsum
1260 1129 1304 1180 est
1326 1116 1384 1180 δέ·

241 1241 346 1285 καῖον
366 1221 449 1296 ἔτος,
475 1242 537 1283 cum
559 1223 676 1282 Thebae
696 1240 723 1281 a.
747 1224 805 1281 315
837 1219 934 1293 (Diod.
956 1219 1037 1290 XIX,
1062 1213 1115 1296 54)
1143 1223 1297 1282 restitutae
1323 1221 1384 1313 fere

241 1333 376 1385 autumno
404 1342 431 1383 a.
454 1326 512 1383 291
544 1319 725 1399 (Droysen
747 1323 770 1391 I,
794 1323 864 1391 594,
895 1326 952 1378 not.
975 1318 1029 1389 90)
1060 1334 1078 1377 a
1104 1319 1253 1380 Demetrio
1282 1329 1385 1396 captae

241 1429 308 1485 sint.
349 1425 409 1497 At,
443 1424 519 1496 quod
549 1423 656 1483 ibidem
685 1423 770 1496 paulo
799 1428 867 1479 ante
899 1413 1120 1495 τριςκαίὸεκα
1145 1420 1292 1480 interfecti
1320 1439 1384 1481 esse

243 1526 396 1599 dicuutur,
430 1538 493 1582 cum
513 1523 599 1582 Diod.
622 1523 691 1581 XXI
719 1520 773 1596 frg.
798 1508 851 1590 14,
877 1525 892 1577 1
917 1514 1001 1576 δέκα
1030 1519 1199 1590 tradantur,
1229 1520 1384 1580 Plutarcho

242 1625 290 1682 hic
311 1624 376 1697 plus
397 1624 580 1683 tribuendum
601 1632 678 1696 puto,
702 1639 786 1695 quam
807 1619 935 1679 Diodoro
962 1635 1101 1679 summam
1119 1621 1255 1698 solidam,
1288 1627 1322 1679 ut
1341 1621 1384 1691 fit,

241 1726 367 1799 ponenti,

214 2187 220 2198 ’
245 2211 298 2274 53.
317 2214 393 2272 Rea,
412 2225 494 2272 quae
512 2225 577 2261 nun
596 2224 637 2260 ex
654 2210 813 2260 communi
830 2209 929 2268 fonte,
948 2211 1005 2261 aad
1023 2226 1063 2263 ax
1081 2212 1153 2264 aliis
1171 2225 1190 2262 a
1201 2211 1376 2262 Plutarcho

597 2298 766 2347 memoriae
784 2296 932 2358 proditae
951 2302 1034 2351 aunt.

326 2418 386 2478 lam
407 2437 476 2480 vero
498 2422 572 2481 aliae
592 2438 640 2482 res
660 2424 767 2480 multae
788 2429 917 2492 restant,
947 2440 1016 2495 quas
1037 2423 1101 2482 fieri
1120 2439 1177 2480 non
1197 2427 1291 2494 potest
1313 2420 1383 2492 quin

244 2536 278 2576 ex
299 2520 372 2589 aliis,
395 2536 480 2591 quam
501 2539 536 2580 ex
559 2538 615 2593 quo
640 2519 785 2580 Diodorus
806 2530 836 2580 et
858 2520 1030 2581 Plutarchus
1051 2522 1111 2581 iere
1131 2523 1299 2589 hauserunt,
1320 2519 1383 2579 fon-

243 2618 319 2677 tibus
349 2618 396 2676 hic
429 2622 553 2691 scriptor
574 2624 605 2679 iu
626 2620 768 2678 Demetrii
796 2622 857 2679 u'ta
878 2610 1067 2679 describenda
1095 2621 1241 2694 petiverit.
1284 2621 1385 2693 Neque

244 2719 319 2776 euim
341 2735 429 2777 unum
450 2718 561 2778 fontem
581 2721 632 2793 eis,
649 2737 720 2793 quae
741 2727 777 2785 ut,
793 2721 888 2778 aliena
901 2737 919 2778 a
933 2723 1076 2779 communi
1092 2725 1210 2780 auctore
1230 2722 1281 2780 illo
1302 2721 1385 2781 abiu-

244 2817 367 2877 dicanda
388 2835 545 2890 censemus,
569 2822 658 2877 statui
677 2836 759 2891 posse
779 2820 905 2891 quemvis
925 2820 987 2891 ipsa
1000 2821 1125 2878 varietas
1145 2836 1242 2878 rerum
1263 2821 1389 2880 docebit.

244 2918 351 2988 Quibus
373 2918 408 2977 de
429 2918 516 2977 rebus
535 2919 578 2978 ita
598 2936 731 2993 agemus,
764 2926 796 2976 ut
818 2920 1014 2989 quaestionem
1043 2921 1078 2980 de
1099 2923 1159 2994 eis,
1192 2921 1240 2993 qui
1262 2922 1386 2979 maxime

244 3034 340 3074 earum
361 3016 453 3076 fontes
475 3019 656 3078 existimandi
677 3022 749 3090 siut,
783 3020 813 3104 in
842 3021 1031 3093 posteriorem
1059 3022 1154 3080 locum
1182 3017 1223 3092 (p.
1247 3023 1286 3079 32
1308 3014 1386 3097 sqq.)

242 3116 401 3174 reiciamus.

326 3220 369 3272 Ac
397 3218 519 3290 primum
553 3224 596 3276 est
627 3219 676 3276 ubi
707 3235 754 3278 res
775 3221 913 3293 quaedam
935 3237 952 3279 a
973 3218 1131 3280 Plutarcho
1153 3223 1240 3281 aliter
1260 3227 1386 3296 atquea

244 3315 373 3375 Diodoro
395 3317 519 3375 traditae
541 3318 576 3376 de
599 3318 713 3377 diverso
734 3318 813 3378 fonte
835 3322 962 3393 cogitare
983 3336 1035 3378 nos
1056 3322 1184 3380 iubeant.
1224 3321 1294 3380 Cum
1310 3323 1387 3380 enim

245 3417 280 3474 de
302 3417 421 3491 ordine,
454 3433 510 3490 quo
542 3433 589 3476 res
609 3418 785 3490 Munychiae
815 3425 843 3476 et
864 3421 993 3492 Megaris
1022 3430 1121 3493 gestae
1149 3437 1180 3479 se
1209 3423 1385 3493 exceperint,
1421 3444 1425 3451 ¹

255 3521 365 3574 storum
386 3517 559 3589 scriptorum
580 3518 763 3576 narrationes
791 3517 967 3592 discrepent,
999 3520 1185 3579 Plutarchum
1207 3520 1243 3579 de
1264 3538 1299 3580 eo
1321 3537 1386 3578 cum

245 3614 302 3673 alio
323 3633 420 3674 rerum
442 3618 582 3689 scriptore
604 3618 766 3675 consentire
787 3617 864 3676 iufra
884 3618 1045 3692 apparebit.
1088 3621 1208 3679 Accedit
1230 3622 1314 3693 quod,
1337 3622 1386 3681 ubi

245 3717 281 3772 de
302 3717 430 3788 Megaris
451 3719 556 3794 agitur,
580 3717 740 3776 aDiodoro
763 3719 843 3788 (XX.
858 3720 913 3790 46)
929 3721 1095 3778 Demetrius
1115 3720 1255 3779 beneficia
1275 3721 1386 3779 ineam

244 3815 344 3874 urbem
375 3817 531 3876 contulisse
564 3818 687 3892 dicitur,
721 3819 869 3878 Plutarchi
897 3835 965 3878 roro
986 3825 1087 3878 auctor
1108 3818 1147 3891 (c.
1172 3821 1205 3888 9)
1227 3821 1262 3879 de
1283 3820 1384 3880 eodem

244 3917 367 3990 iniquius
387 3917 510 3988 iudicat,
544 3934 609 3975 eum
640 3917 779 3976 militibus
800 3920 861 3977 eius
890 3921 1007 3990 rapinas
1039 3926 1068 3978 et
1097 3921 1313 3992 praedationem
1334 3936 1384 3979 ex·

244 4017 371 4089 probret,
394 4033 515 4088 quarum
536 4023 682 4090 tamqnam
707 4025 875 4090 argumenta
902 4021 1084 4078 narrationes
1106 4019 1142 4078 de
1165 4020 1296 4090 Stilpone
1316 4020 1383 4078 illae

245 4122 274 4175 iu
297 4117 419 4177 medium
441 4118 635 4190 proferuntur.
671 4120 743 4178 Item
764 4119 935 4178 Plutarchus
957 4115 997 4198 (c.
1011 4118 1060 4192 10)
1083 4125 1111 4177 et
1134 4119 1277 4177 Diodorus
1299 4115 1399 4196 (XX,-

246 4221 296 4287 16)
319 4219 445 4292 quamvis
476 4218 512 4276 de
543 4219 684 4278 nonnullis
715 4219 872 4278 honoribus
898 4220 1047 4278 Demetrio
1077 4222 1194 4291 eiusque
1215 4222 1293 4291 patri
1314 4232 1380 4277 con-

245 4320 331 4376 cessis
352 4319 544 4390 consentiant,
565 4328 661 4378 tamen
684 4321 767 4391 plura
788 4319 825 4378 ab
839 4319 931 4379 altero
952 4320 1060 4378 tradita
1080 4319 1154 4378 alter
1175 4320 1285 4391 omisit;
1309 4333 1387 4392 quae-

246 4416 408 4477 differeutia
427 4420 520 4478 maior
540 4424 594 4494 est,
618 4435 701 4492 quam
722 4426 754 4477 ut
775 4436 828 4478 eae
848 4435 895 4478 res
916 4420 961 4478 nel
980 4420 1165 4494 neglegenter
1184 4419 1228 4477 rel
1249 4421 1388 4478 consulto

1350 4644 1382 4818 l
