3250 5109
843 448 862 501 2

284 647 357 705 satis
379 651 513 705 accurate
533 644 599 706 deri
620 649 668 705 rix
688 652 801 719 posset,
830 647 861 702 in
882 644 1024 703 Demetrii
1044 647 1122 705 ritae
1148 644 1307 706 iontes‘ita
1330 650 1423 721 inqui·

282 749 363 818 sivit,
398 752 432 804 11
460 763 554 820 neque
582 747 618 805 de
638 747 816 817 Hieronymo
849 745 979 804 adhibito
1011 748 1079 804 novi
1111 745 1265 819 quidquam
1295 748 1427 807 attulerit

283 864 374 921 neque
395 864 489 920 pauca
508 848 573 917 illa,
596 863 670 919 quae
691 846 727 904 de
748 848 813 904 aliis
835 843 983 902 Plutarchi
1010 843 1139 903 fontibus
1161 847 1190 903 in
1211 847 1338 904 medinm
1358 864 1426 918 pro·

283 950 360 1024 tulit,
382 949 561 1022 argumentis
583 948 620 1006 ad
641 945 726 1006 fidem
746 945 907 1006 faciendam
923 945 1084 1019 aptioribus
1107 945 1325 1005 confirmaverit.
1368 949 1426 1006 De

284 1050 370 1121 nique
403 1049 500 1121 agitur
532 1048 686 1121 diligenter
717 1047 753 1106 de
785 1047 886 1105 eadem
914 1063 947 1105 re
975 1049 1005 1104 in
1036 1045 1192 1104 Reussii
1222 1046 1297 1105 libro
1310 1042 1345 1120 ¹),
1378 1051 1427 1119 qui

284 1150 450 1222 nuperrime
473 1147 567 1206 editus
580 1153 632 1218 est,
655 1165 720 1206 cum
741 1147 818 1206 banc
832 1147 1099 1204 commentationem
1119 1148 1177 1204 iam
1198 1147 1236 1204 ad
1253 1144 1339 1204 finem
1359 1164 1427 1220 per-

204 1235 207 1241 ’
285 1249 429 1306 duxissem
451 1255 480 1305 et
501 1247 667 1319 amplissimi
687 1246 923 1319 philosophorum
952 1244 1063 1303 ordinis
1083 1246 1204 1304 arbitrio
1225 1248 1428 1318 permisissem.

286 1350 378 1420 Quem
399 1349 490 1406 virum
511 1346 707 1406 doctissimum
729 1346 765 1406 de
785 1346 938 1419 permultis
966 1344 1043 1403 idem
1064 1346 1171 1404 sentire
1192 1351 1279 1418 atque
1299 1363 1345 1406 me
1366 1365 1430 1407 cum

286 1465 393 1522 magna
413 1463 480 1508 mea
500 1450 647 1520 voluptate
668 1448 815 1519 intellexi,
846 1447 904 1505 alia
923 1445 961 1504 ab
981 1445 1033 1503 illo
1054 1445 1140 1519 longe
1160 1447 1331 1517 ampliorem
1352 1465 1431 1506 cam·

286 1565 355 1622 pum
376 1554 566 1622 percurrente
587 1549 793 1621 praetermissa
811 1547 888 1606 ridi:
910 1545 987 1619 quod
1009 1547 1034 1603 si
1055 1545 1123 1618 quid
1147 1562 1183 1604 ex
1204 1547 1261 1604 isto
1282 1546 1380 1605 libello
1401 1550 1432 1604 11

287 1666 382 1709 meum
395 1664 480 1708 usum
498 1657 613 1707 vertere
633 1648 780 1707 commode
800 1648 992 1720 contingeret,
1012 1644 1044 1703 id
1065 1644 1174 1704 diserte
1192 1647 1223 1705 in
1245 1646 1432 1706 adnotatione

287 1750 420 1809 indicavi.

373 1849 484 1922 ltaque,
508 1848 577 1921 quid
598 1847 635 1907 de
654 1847 779 1907 fontibus
806 1847 847 1906 ad
860 1847 948 1907 -hanc
967 1849 1058 1906 vitam
1085 1847 1304 1908 describendam
1324 1866 1343 1906 a
1363 1847 1434 1907 Plu·

289 1949 391 2009 tarcbo
413 1949 549 2008 adhibitis
568 1948 623 2007 viri
644 1949 688 2007 illi
709 1949 787 2009 docti
806 1949 971 2019 iudicarint,
993 1949 1092 2020 paucis
1112 1948 1296 2021 explicemus.

374 2047 447 2107 Cum
478 2049 515 2107 de
546 2048 635 2107 rebus
665 2055 731 2120 post
759 2048 918 2109 Alexandri
950 2054 1073 2106 mortem
1107 2050 1195 2122 gestis
1226 2049 1432 2122 Hieronymus,

289 2151 387 2219 Duris,
410 2150 617 2225 Demochares,
637 2147 834 2221 Philochorus,
856 2148 978 2219 Diyllus,
1000 2146 1112 2218 Psaon,
1134 2149 1286 2221 Nymphis,
1309 2149 1432 2220 Phylar-

292 2250 372 2321 chus,
395 2249 528 2307 Timaeus
548 2249 590 2306 ita
604 2248 780 2319 scripserint,
802 2254 835 2305 ut
848 2264 866 2306 a
880 2246 1037 2306 Plutarcho
1056 2249 1188 2308 adhiberi
1208 2254 1333 2323 possent,
1355 2249 1432 2308 bunc

292 2366 357 2408 1111
378 2349 442 2407 aliis
463 2352 617 2420 praeterea
640 2347 829 2420 scriptoribus
842 2364 933 2418 usum,
955 2352 1018 2405 tum
1037 2350 1215 2422 potissimum
1226 2350 1432 2420 Hieronymum

293 2449 469 2508 Cardianum
489 2453 636 2508 auctorem
656 2452 785 2507 secutum
799 2463 861 2506 esse
882 2449 926 2506 illi
947 2448 1002 2507 sibi
1022 2454 1235 2522 persuaserunt.
1263 2447 1435 2521 Hieronymi

293 2555 389 2608 autem
409 2549 530 2607 historia
549 2551 614 2621 ipsa
636 2550 771 2621 quoniam
797 2549 975 2620 paucissimis
1000 2547 1170 2621 fragmentis
1190 2550 1319 2620 exceptis
1338 2549 1435 2621 periit,

157 2632 175 2718 ’,
294 2666 361 2707 num
382 2647 495 2719 alicubi,
518 2647 685 2718 quibuscum
706 2648 781 2707 banc
801 2650 891 2706 vitam
917 2665 1129 2722 comparemus,
1157 2650 1281 2722 vestigia
1308 2649 1371 2706 1111
1391 2650 1437 2707 in·

294 2750 456 2817 veniantur,
477 2747 632 2806 videndum
646 2754 700 2807 est.
725 2748 830 2819 Qualia
845 2750 971 2807 omnium
991 2748 1054 2806 fere
1075 2748 1217 2807 consensu
1226 2742 1255 2821 ²)
1276 2749 1308 2806 in
1322 2749 1437 2823 copiosa

295 2849 419 2909 Diodori
440 2847 476 2906 de
497 2848 553 2906 illis
574 2848 753 2921 temporibus
767 2849 917 2920 relatione,
941 2848 1068 2921 quamvis
1082 2849 1277 2921 Hieronymus
1299 2865 1437 2921 nusquam

296 2956 443 3021 tamquam
463 2948 528 3009 lons
551 2949 723 3018 nominetur,
743 2949 838 3008 inesse
858 2954 1006 3021 putantur.
1056 2949 1152 3020 Atque
1173 2948 1249 3007 hanc
1269 2949 1438 3007 sententiam

297 3065 362 3106 cum
383 3048 438 3108 hoc
458 3049 570 3122 quidem
592 3050 656 3108 loco
676 3050 707 3106 in
729 3049 824 3111 medio
845 3051 1056 3122 relinquamus,
1079 3049 1156 3108 infra
1177 3049 1245 3123 quid
1265 3048 1302 3107 de
1322 3063 1357 3106 aa
1378 3052 1438 3104 sta·

273 3225 276 3230 .
297 3147 434 3206 tuendum
456 3148 502 3218 sit,
525 3147 776 3208 considerabimus

301 3304 306 3308 .
313 3302 451 3309 --.---...
461 3303 478 3308 -
485 3304 495 3308 .-

370 3385 390 3453 ¹)
403 3386 430 3448 ‚F
439 3402 461 3438 r.
478 3385 596 3454 Reuss,
620 3385 793 3452 Hieronymus
810 3399 861 3436 rou
878 3381 994 3443 Kardia,
1019 3381 1131 3436 Studien
1152 3397 1199 3434 zur
1221 3379 1378 3434 Geschichte
1395 3379 1442 3434 der

298 3470 514 3536 Diadochenzeit,
533 3470 620 3525 Berol.
639 3469 715 3538 1876,
733 3487 759 3538 p.
779 3469 831 3523 132
847 3483 913 3536 sqq,
932 3467 968 3523 11.
986 3483 1012 3535 p.
1032 3465 1066 3520 16
1084 3481 1141 3534 sqq.

370 3557 684 3627 1111111111,
713 3556 745 3613 de
776 3555 893 3610 fontibus
917 3559 944 3609 et
967 3553 1119 3608 auctoribus
1141 3551 1311 3605 historiarum
1328 3550 1444 3610 Diodori,

299 3645 480 3699 commentatio
497 3644 539 3697 111
545 3687 552 3713 ,
579 3645 607 3698 in
632 3659 724 3698 comm.
743 3658 796 3698 soc.
813 3643 902 3709 regiae
920 3641 1010 3696 scient.
1029 3640 1100 3693 Gott
1126 3646 1191 3694 tom.
1207 3638 1259 3693 VH
1276 3638 1310 3692 cl.
1327 3638 1390 3693 hist.
1416 3644 1444 3692 et

300 3730 409 3799 philol,
435 3747 462 3800 p.
481 3729 542 3785 113.
587 3732 741 3785 11111111
768 3745 794 3798 p.
812 3729 873 3783 352.
918 3728 1051 3783 Heeren
1076 3727 1093 3779 l.
1119 3726 1136 3781 l.
1163 3727 1317 3795 Droysen
1341 3724 1363 3790 1,
1381 3722 1441 3778 670.

301 3817 475 3872 Brttckner
493 3817 511 3871 l.
530 3817 548 3871 1.
566 3817 594 3871 C.
614 3817 747 3884 Mllller,
765 3815 835 3884 frgg.
853 3816 915 3870 hist
934 3815 980 3869 Gr.
999 3814 1033 3883 Π,
1052 3813 1104 3870 451
1123 3814 1261 3871 11111111.
1278 3813 1312 3867 ad
1329 3810 1443 3865 Pseudo-

302 3905 483 3959 callisthenem
500 3921 526 3974 p.
543 3903 586 3959 23.
623 3904 743 3971 Denique
759 3899 867 3956 Reuss
884 3918 912 3970 p.
930 3904 981 3956 115
999 3919 1057 3971 sqq.
