<?xml version="1.0" encoding="UTF-8"?>
<!DOCTYPE html PUBLIC "-//W3C//DTD XHTML 1.0 Transitional//EN"
    "http://www.w3.org/TR/xhtml1/DTD/xhtml1-transitional.dtd">
<html xmlns="http://www.w3.org/1999/xhtml" xml:lang="en" lang="en">
 <head>
  <title>
</title>
<meta http-equiv="Content-Type" content="text/html;charset=utf-8" />
  <meta name='ocr-system' content='tesseract 3.04.00' />
  <meta name='ocr-capabilities' content='ocr_page ocr_carea ocr_par ocr_line ocrx_word'/>
</head>
<body>
  <div class='ocr_page' id='page_1' title='image "./quibusfontibusp00moergoog_0060.png"; bbox 0 0 3250 5109; ppageno 0'>
   <div class='ocr_carea' id='block_1_1' title="bbox 243 421 1464 1605">
    <p class='ocr_par' dir='ltr' id='par_1_1' title="bbox 243 421 1384 1100">
     <span class='ocr_line' id='line_1_1' title="bbox 797 421 858 483; baseline 0.131 -8"><span class='ocrx_word' id='word_1_1' title='bbox 797 421 858 483; x_wconf 78' lang='lat'>40,</span> 
     </span>
     <span class='ocr_line' id='line_1_2' title="bbox 243 618 1383 696; baseline 0.004 -16"><span class='ocrx_word' id='word_1_2' title='bbox 243 621 405 694; x_wconf 88' lang='lat' dir='ltr'>veniuntur,</span> <span class='ocrx_word' id='word_1_3' title='bbox 416 635 462 691; x_wconf 77' lang='lat' dir='ltr'>,cx</span> <span class='ocrx_word' id='word_1_4' title='bbox 477 618 600 677; x_wconf 89' lang='lat' dir='ltr'>eiusdem</span> <span class='ocrx_word' id='word_1_5' title='bbox 623 618 744 678; x_wconf 89' lang='lat' dir='ltr'>historia</span> <span class='ocrx_word' id='word_1_6' title='bbox 763 619 824 678; x_wconf 87' lang='lat' dir='ltr'>fere</span> <span class='ocrx_word' id='word_1_7' title='bbox 846 622 1013 692; x_wconf 67' lang='lat' dir='ltr'>petita&#39;esse</span> <span class='ocrx_word' id='word_1_8' title='bbox 1027 635 1138 680; x_wconf 90' lang='lat' dir='ltr'>sumere</span> <span class='ocrx_word' id='word_1_9' title='bbox 1159 623 1266 683; x_wconf 82' lang='lat' dir='ltr'>licebit.</span> <span class='ocrx_word' id='word_1_10' title='bbox 1289 625 1383 696; x_wconf 79' lang='lat' dir='ltr'>Quare</span> 
     </span>
     <span class='ocr_line' id='line_1_3' title="bbox 243 708 1384 804; baseline 0.003 -24"><span class='ocrx_word' id='word_1_11' title='bbox 243 721 309 780; x_wconf 90' lang='lat' dir='ltr'>fieri</span> <span class='ocrx_word' id='word_1_12' title='bbox 330 726 435 795; x_wconf 89' lang='lat' dir='ltr'>potest,</span> <span class='ocrx_word' id='word_1_13' title='bbox 465 725 498 778; x_wconf 92' lang='lat' dir='ltr'>ut</span> <span class='ocrx_word' id='word_1_14' title='bbox 519 719 690 779; x_wconf 81' lang='lat' dir='ltr'><strong>Demochari</strong></span> <span class='ocrx_word' id='word_1_15' title='bbox 722 719 906 780; x_wconf 88' lang='lat' dir='ltr'>attribuenda</span> <span class='ocrx_word' id='word_1_16' title='bbox 931 718 1104 780; x_wconf 79' lang='grc'>1111124</span> <span class='ocrx_word' id='word_1_17' title='bbox 1131 708 1322 804; x_wconf 62' lang='grc'>1111111111</span> <span class='ocrx_word' id='word_1_18' title='bbox 1346 757 1384 768; x_wconf 93' lang='grc'>-</span> 
     </span>
     <span class='ocr_line' id='line_1_4' title="bbox 244 819 1384 901; baseline 0.007 -22"><span class='ocrx_word' id='word_1_19' title='bbox 244 819 423 880; x_wconf 74' lang='grc' dir='ltr'><strong><em>κολακείαν</em></strong></span> <span class='ocrx_word' id='word_1_20' title='bbox 443 827 472 881; x_wconf 90' lang='grc'>11</span> <span class='ocrx_word' id='word_1_21' title='bbox 493 826 604 895; x_wconf 88' lang='lat' dir='ltr'>rogatio</span> <span class='ocrx_word' id='word_1_22' title='bbox 626 823 711 896; x_wconf 89' lang='lat' dir='ltr'>paulo</span> <span class='ocrx_word' id='word_1_23' title='bbox 734 827 801 881; x_wconf 88' lang='lat' dir='ltr'>ante</span> <span class='ocrx_word' id='word_1_24' title='bbox 823 822 950 893; x_wconf 88' lang='lat' dir='ltr'>tradita,</span> <span class='ocrx_word' id='word_1_25' title='bbox 984 823 1088 882; x_wconf 90' lang='lat' dir='ltr'>deinde</span> <span class='ocrx_word' id='word_1_26' title='bbox 1108 840 1132 882; x_wconf 89' lang='lat' dir='ltr'>c.</span> <span class='ocrx_word' id='word_1_27' title='bbox 1160 829 1193 882; x_wconf 94' lang='grc'>11</span> <span class='ocrx_word' id='word_1_28' title='bbox 1210 820 1244 900; x_wconf 79' lang='grc' dir='ltr'>ι),</span> <span class='ocrx_word' id='word_1_29' title='bbox 1278 827 1306 884; x_wconf 93' lang='lat' dir='ltr'>in</span> <span class='ocrx_word' id='word_1_30' title='bbox 1329 846 1384 901; x_wconf 92' lang='lat' dir='ltr'>quo</span> 
     </span>
     <span class='ocr_line' id='line_1_5' title="bbox 245 922 1383 1001; baseline 0.007 -21"><span class='ocrx_word' id='word_1_31' title='bbox 245 923 280 980; x_wconf 90' lang='lat' dir='ltr'>de</span> <span class='ocrx_word' id='word_1_32' title='bbox 302 922 452 981; x_wconf 85' lang='lat' dir='ltr'>Stratoolis</span> <span class='ocrx_word' id='word_1_33' title='bbox 473 926 532 983; x_wconf 87' lang='lat' dir='ltr'>vita</span> <span class='ocrx_word' id='word_1_34' title='bbox 553 926 649 998; x_wconf 86' lang='lat' dir='ltr'>agitur</span> <span class='ocrx_word' id='word_1_35' title='bbox 669 929 755 997; x_wconf 89' lang='lat' dir='ltr'>atque</span> <span class='ocrx_word' id='word_1_36' title='bbox 788 923 824 983; x_wconf 92' lang='lat' dir='ltr'>de</span> <span class='ocrx_word' id='word_1_37' title='bbox 858 924 956 985; x_wconf 92' lang='lat' dir='ltr'>codem</span> <span class='ocrx_word' id='word_1_38' title='bbox 988 924 1223 984; x_wconf 75' lang='lat' dir='ltr'>narratiunculae</span> <span class='ocrx_word' id='word_1_39' title='bbox 1257 927 1383 1001; x_wconf 82' lang='lat' dir='ltr'>itemque</span> 
     </span>
     <span class='ocr_line' id='line_1_6' title="bbox 245 1023 761 1100; baseline 0.004 -20"><span class='ocrx_word' id='word_1_40' title='bbox 245 1023 337 1081; x_wconf 88' lang='lat' dir='ltr'>altera</span> <span class='ocrx_word' id='word_1_41' title='bbox 358 1025 470 1100; x_wconf 88' lang='lat' dir='ltr'>rogatio</span> <span class='ocrx_word' id='word_1_42' title='bbox 493 1029 761 1082; x_wconf 75' lang='lat' dir='ltr'>commemorantur.</span> 
     </span>
    </p>

    <p class='ocr_par' dir='ltr' id='par_1_2' title="bbox 243 1123 1461 1505">
     <span class='ocr_line' id='line_1_7' title="bbox 326 1123 1383 1199; baseline 0.009 -18"><span class='ocrx_word' id='word_1_43' title='bbox 326 1123 388 1184; x_wconf 88' lang='lat' dir='ltr'>Nec</span> <span class='ocrx_word' id='word_1_44' title='bbox 418 1124 509 1182; x_wconf 90' lang='lat' dir='ltr'>minus</span> <span class='ocrx_word' id='word_1_45' title='bbox 539 1140 623 1196; x_wconf 88' lang='lat' dir='ltr'>quam</span> <span class='ocrx_word' id='word_1_46' title='bbox 656 1140 728 1197; x_wconf 91' lang='lat' dir='ltr'>quae</span> <span class='ocrx_word' id='word_1_47' title='bbox 750 1126 784 1184; x_wconf 90' lang='lat' dir='ltr'>de</span> <span class='ocrx_word' id='word_1_48' title='bbox 806 1126 956 1186; x_wconf 85' lang='lat' dir='ltr'>Stratoclis</span> <span class='ocrx_word' id='word_1_49' title='bbox 977 1126 1043 1198; x_wconf 88' lang='lat' dir='ltr'>vita,</span> <span class='ocrx_word' id='word_1_50' title='bbox 1078 1142 1121 1199; x_wconf 87' lang='lat' dir='ltr'>ea,</span> <span class='ocrx_word' id='word_1_51' title='bbox 1145 1138 1264 1199; x_wconf 85' lang='lat' dir='ltr'>quac&#39;o.</span> <span class='ocrx_word' id='word_1_52' title='bbox 1289 1134 1324 1190; x_wconf 83' lang='lat'>12</span> <span class='ocrx_word' id='word_1_53' title='bbox 1347 1131 1383 1190; x_wconf 89' lang='lat' dir='ltr'>de</span> 
     </span>
     <span class='ocr_line' id='line_1_8' title="bbox 243 1224 1384 1302; baseline 0.006 -20"><span class='ocrx_word' id='word_1_54' title='bbox 243 1225 404 1299; x_wconf 91' lang='lat' dir='ltr'>Philippide</span> <span class='ocrx_word' id='word_1_55' title='bbox 425 1224 587 1296; x_wconf 89' lang='lat' dir='ltr'>traduntur,</span> <span class='ocrx_word' id='word_1_56' title='bbox 620 1225 792 1286; x_wconf 87' lang='lat' dir='ltr'>Demochari</span> <span class='ocrx_word' id='word_1_57' title='bbox 814 1225 972 1286; x_wconf 86' lang='lat' dir='ltr'>adiudicari</span> <span class='ocrx_word' id='word_1_58' title='bbox 1005 1233 1133 1298; x_wconf 85' lang='lat' dir='ltr'>possunt,</span> <span class='ocrx_word' id='word_1_59' title='bbox 1168 1229 1273 1302; x_wconf 89' lang='lat' dir='ltr'>quippe</span> <span class='ocrx_word' id='word_1_60' title='bbox 1306 1230 1384 1289; x_wconf 93' lang='lat' dir='ltr'>cuius</span> 
     </span>
     <span class='ocr_line' id='line_1_9' title="bbox 243 1320 1384 1400; baseline 0.005 -18"><span class='ocrx_word' id='word_1_61' title='bbox 243 1323 330 1385; x_wconf 90' lang='lat' dir='ltr'>fuerit</span> <span class='ocrx_word' id='word_1_62' title='bbox 350 1320 477 1399; x_wconf 87' lang='lat' dir='ltr'>&#39;aequalis</span> <span class='ocrx_word' id='word_1_63' title='bbox 508 1325 676 1398; x_wconf 85' lang='lat' dir='ltr'>steteritque</span> <span class='ocrx_word' id='word_1_64' title='bbox 697 1341 714 1384; x_wconf 89' lang='lat' dir='ltr'>a</span> <span class='ocrx_word' id='word_1_65' title='bbox 735 1327 864 1399; x_wconf 90' lang='lat' dir='ltr'>partibus</span> <span class='ocrx_word' id='word_1_66' title='bbox 896 1328 944 1385; x_wconf 93' lang='lat' dir='ltr'>ille</span> <span class='ocrx_word' id='word_1_67' title='bbox 973 1332 1059 1400; x_wconf 88' lang='lat' dir='ltr'>poeta</span> <span class='ocrx_word' id='word_1_68' title='bbox 1091 1333 1121 1385; x_wconf 90' lang='lat' dir='ltr'>et</span> <span class='ocrx_word' id='word_1_69' title='bbox 1153 1329 1213 1400; x_wconf 89' lang='lat' dir='ltr'>ipse</span> <span class='ocrx_word' id='word_1_70' title='bbox 1247 1330 1384 1389; x_wconf 84' lang='lat' dir='ltr'>Stratooli</span> 
     </span>
     <span class='ocr_line' id='line_1_10' title="bbox 243 1428 1461 1505; baseline 0.011 -21"><span class='ocrx_word' id='word_1_71' title='bbox 243 1428 464 1487; x_wconf 86' lang='lat' dir='ltr'>inimicissimus.</span> <span class='ocrx_word' id='word_1_72' title='bbox 1457 1494 1461 1505; x_wconf 83' lang='grc'><strong>,</strong></span> 
     </span>
    </p>

    <p class='ocr_par' dir='ltr' id='par_1_3' title="bbox 336 1512 1464 1605">
     <span class='ocr_line' id='line_1_11' title="bbox 336 1512 1464 1605; baseline 0.004 -20"><span class='ocrx_word' id='word_1_73' title='bbox 336 1525 434 1599; x_wconf 76' lang='lat' dir='ltr'>quio?</span> <span class='ocrx_word' id='word_1_74' title='bbox 466 1545 529 1588; x_wconf 91' lang='lat' dir='ltr'>cum</span> <span class='ocrx_word' id='word_1_75' title='bbox 551 1527 747 1588; x_wconf 81' lang='lat' dir='ltr'>etPlutarohi</span> <span class='ocrx_word' id='word_1_76' title='bbox 768 1528 803 1587; x_wconf 92' lang='lat' dir='ltr'>de</span> <span class='ocrx_word' id='word_1_77' title='bbox 823 1528 978 1588; x_wconf 88' lang='lat' dir='ltr'>honoribus</span> <span class='ocrx_word' id='word_1_78' title='bbox 999 1532 1147 1590; x_wconf 88' lang='lat' dir='ltr'>Demetrio</span> <span class='ocrx_word' id='word_1_79' title='bbox 1170 1532 1285 1605; x_wconf 89' lang='lat' dir='ltr'>eiusque</span> <span class='ocrx_word' id='word_1_80' title='bbox 1308 1535 1384 1604; x_wconf 89' lang='lat' dir='ltr'>patri</span> <span class='ocrx_word' id='word_1_81' title='bbox 1460 1512 1464 1520; x_wconf 57' lang='grc'><strong>’</strong></span> 
     </span>
    </p>
   </div>
   <div class='ocr_carea' id='block_1_2' title="bbox 147 1614 1409 1703">
    <p class='ocr_par' dir='ltr' id='par_1_4' title="bbox 147 1614 1409 1703">
     <span class='ocr_line' id='line_1_12' title="bbox 147 1614 1409 1703; baseline 0.002 -17"><span class='ocrx_word' id='word_1_82' title='bbox 147 1643 150 1649; x_wconf 91' lang='grc'><strong><em>·</em></strong></span> <span class='ocrx_word' id='word_1_83' title='bbox 248 1645 273 1687; x_wconf 85' lang='grc'>1.</span> <span class='ocrx_word' id='word_1_84' title='bbox 295 1632 355 1688; x_wconf 87' lang='grc'>307</span> <span class='ocrx_word' id='word_1_85' title='bbox 378 1633 521 1690; x_wconf 89' lang='lat' dir='ltr'>concessis</span> <span class='ocrx_word' id='word_1_86' title='bbox 545 1631 648 1690; x_wconf 89' lang='lat' dir='ltr'>relatio</span> <span class='ocrx_word' id='word_1_87' title='bbox 670 1647 688 1689; x_wconf 90' lang='lat' dir='ltr'>a</span> <span class='ocrx_word' id='word_1_88' title='bbox 708 1629 830 1688; x_wconf 93' lang='lat' dir='ltr'>Diodori</span> <span class='ocrx_word' id='word_1_89' title='bbox 852 1632 894 1689; x_wconf 89' lang='lat' dir='ltr'>ita</span> <span class='ocrx_word' id='word_1_90' title='bbox 916 1628 1046 1703; x_wconf 81' lang='lat' dir='ltr'>differat,</span> <span class='ocrx_word' id='word_1_91' title='bbox 1079 1614 1112 1690; x_wconf 81' lang='lat' dir='ltr'>ut</span> <span class='ocrx_word' id='word_1_92' title='bbox 1133 1649 1149 1691; x_wconf 90' lang='lat' dir='ltr'>e</span> <span class='ocrx_word' id='word_1_93' title='bbox 1171 1617 1282 1691; x_wconf 75' lang='lat' dir='ltr'>diuerso</span> <span class='ocrx_word' id='word_1_94' title='bbox 1304 1631 1384 1692; x_wconf 88' lang='lat' dir='ltr'>fonte</span> <span class='ocrx_word' id='word_1_95' title='bbox 1407 1653 1409 1656; x_wconf 47' lang='lat'>&gt;</span> 
     </span>
    </p>
   </div>
   <div class='ocr_carea' id='block_1_3' title="bbox 185 1717 1383 2514">
    <p class='ocr_par' dir='ltr' id='par_1_5' title="bbox 185 1717 1383 2514">
     <span class='ocr_line' id='line_1_13' title="bbox 242 1717 1382 1812; baseline 0.001 -24"><span class='ocrx_word' id='word_1_96' title='bbox 242 1736 354 1804; x_wconf 90' lang='lat' dir='ltr'>sumpta</span> <span class='ocrx_word' id='word_1_97' title='bbox 375 1747 435 1791; x_wconf 90' lang='lat' dir='ltr'>esse</span> <span class='ocrx_word' id='word_1_98' title='bbox 456 1733 538 1792; x_wconf 89' lang='lat' dir='ltr'>nobis</span> <span class='ocrx_word' id='word_1_99' title='bbox 559 1733 619 1792; x_wconf 86' lang='lat' dir='ltr'>visa</span> <span class='ocrx_word' id='word_1_100' title='bbox 641 1734 694 1804; x_wconf 85' lang='lat' dir='ltr'>sit,</span> <span class='ocrx_word' id='word_1_101' title='bbox 725 1736 754 1791; x_wconf 87' lang='grc'>11</span> <span class='ocrx_word' id='word_1_102' title='bbox 775 1732 993 1812; x_wconf 83' lang='lat' dir='ltr'>Democharis.</span> <span class='ocrx_word' id='word_1_103' title='bbox 1018 1735 1056 1790; x_wconf 91' lang='lat'>10</span> <span class='ocrx_word' id='word_1_104' title='bbox 1077 1731 1167 1793; x_wconf 88' lang='lat' dir='ltr'>verba</span> <span class='ocrx_word' id='word_1_105' title='bbox 1189 1717 1247 1791; x_wconf 79' lang='grc' dir='ltr'>τόν</span> <span class='ocrx_word' id='word_1_106' title='bbox 1272 1721 1382 1808; x_wconf 78' lang='grc' dir='ltr'><em>Δημή-</em></span> 
     </span>
     <span class='ocr_line' id='line_1_14' title="bbox 243 1830 1379 1916; baseline 0.004 -28"><span class='ocrx_word' id='word_1_107' title='bbox 243 1849 337 1907; x_wconf 79' lang='grc' dir='ltr'><strong><em>τριον</em></strong></span> <span class='ocrx_word' id='word_1_108' title='bbox 359 1863 397 1874; x_wconf 91' lang='grc'>-</span> <span class='ocrx_word' id='word_1_109' title='bbox 421 1830 631 1916; x_wconf 72' lang='grc' dir='ltr'><em>ἐψηφίσαντο</em></span> <span class='ocrx_word' id='word_1_110' title='bbox 667 1831 858 1892; x_wconf 89' lang='lat' dir='ltr'>adiudicauda</span> <span class='ocrx_word' id='word_1_111' title='bbox 888 1848 952 1892; x_wconf 90' lang='lat' dir='ltr'>esse</span> <span class='ocrx_word' id='word_1_112' title='bbox 985 1835 1189 1911; x_wconf 84' lang='lat' dir='ltr'>censuerimus,</span> <span class='ocrx_word' id='word_1_113' title='bbox 1224 1836 1321 1893; x_wconf 86' lang='lat' dir='ltr'>nescio</span> <span class='ocrx_word' id='word_1_114' title='bbox 1343 1851 1379 1893; x_wconf 89' lang='lat' dir='ltr'>au</span> 
     </span>
     <span class='ocr_line' id='line_1_15' title="bbox 185 1934 1383 2011; baseline 0.003 -21"><span class='ocrx_word' id='word_1_115' title='bbox 185 1964 187 1969; x_wconf 68' lang='lat'>,</span> <span class='ocrx_word' id='word_1_116' title='bbox 243 1949 278 1991; x_wconf 86' lang='lat' dir='ltr'>ex</span> <span class='ocrx_word' id='word_1_117' title='bbox 295 1935 360 2011; x_wconf 80' lang='lat' dir='ltr'>eius</span> <span class='ocrx_word' id='word_1_118' title='bbox 381 1935 503 1994; x_wconf 90' lang='lat' dir='ltr'>historia</span> <span class='ocrx_word' id='word_1_119' title='bbox 523 1935 645 1994; x_wconf 91' lang='lat' dir='ltr'>honores</span> <span class='ocrx_word' id='word_1_120' title='bbox 666 1951 792 2010; x_wconf 88' lang='lat' dir='ltr'>qnoque,</span> <span class='ocrx_word' id='word_1_121' title='bbox 827 1935 874 2006; x_wconf 89' lang='lat' dir='ltr'>qui</span> <span class='ocrx_word' id='word_1_122' title='bbox 906 1934 1018 2004; x_wconf 90' lang='lat' dir='ltr'>locum,</span> <span class='ocrx_word' id='word_1_123' title='bbox 1053 1935 1088 1994; x_wconf 89' lang='lat' dir='ltr'>de</span> <span class='ocrx_word' id='word_1_124' title='bbox 1120 1953 1176 2008; x_wconf 93' lang='lat' dir='ltr'>quo</span> <span class='ocrx_word' id='word_1_125' title='bbox 1209 1942 1383 2008; x_wconf 88' lang='lat' dir='ltr'>postremum</span> 
     </span>
     <span class='ocr_line' id='line_1_16' title="bbox 246 2031 1383 2109; baseline 0.002 -17"><span class='ocrx_word' id='word_1_126' title='bbox 246 2036 364 2107; x_wconf 71' lang='lat' dir='ltr'>egimus</span> <span class='ocrx_word' id='word_1_127' title='bbox 386 2031 606 2109; x_wconf 84' lang='lat' dir='ltr'>subsequuntur,</span> <span class='ocrx_word' id='word_1_128' title='bbox 631 2042 659 2094; x_wconf 91' lang='lat' dir='ltr'>et</span> <span class='ocrx_word' id='word_1_129' title='bbox 680 2052 723 2106; x_wconf 93' lang='lat' dir='ltr'>ea,</span> <span class='ocrx_word' id='word_1_130' title='bbox 747 2050 820 2108; x_wconf 90' lang='lat' dir='ltr'>quae</span> <span class='ocrx_word' id='word_1_131' title='bbox 841 2051 865 2093; x_wconf 91' lang='lat' dir='ltr'>c.</span> <span class='ocrx_word' id='word_1_132' title='bbox 888 2035 927 2089; x_wconf 82' lang='grc'>46</span> <span class='ocrx_word' id='word_1_133' title='bbox 960 2033 996 2092; x_wconf 92' lang='lat' dir='ltr'>de</span> <span class='ocrx_word' id='word_1_134' title='bbox 1018 2033 1202 2095; x_wconf 85' lang='lat' dir='ltr'>Servatorum</span> <span class='ocrx_word' id='word_1_135' title='bbox 1237 2037 1383 2096; x_wconf 87' lang='lat' dir='ltr'>sacerdote</span> 
     </span>
     <span class='ocr_line' id='line_1_17' title="bbox 243 2136 1381 2210; baseline -0.001 -16"><span class='ocrx_word' id='word_1_136' title='bbox 243 2136 353 2195; x_wconf 88' lang='lat' dir='ltr'>sublato</span> <span class='ocrx_word' id='word_1_137' title='bbox 372 2142 574 2207; x_wconf 85' lang='lat' dir='ltr'>memorantur,</span> <span class='ocrx_word' id='word_1_138' title='bbox 597 2138 689 2210; x_wconf 87' lang='lat' dir='ltr'>petita</span> <span class='ocrx_word' id='word_1_139' title='bbox 708 2138 772 2194; x_wconf 86' lang='lat' dir='ltr'>sint.</span> <span class='ocrx_word' id='word_1_140' title='bbox 819 2137 1004 2208; x_wconf 78' lang='lat' dir='ltr'>Quamquam,</span> <span class='ocrx_word' id='word_1_141' title='bbox 1026 2137 1101 2209; x_wconf 92' lang='lat' dir='ltr'>quod</span> <span class='ocrx_word' id='word_1_142' title='bbox 1116 2136 1286 2195; x_wconf 88' lang='lat' dir='ltr'>Plutarchus</span> <span class='ocrx_word' id='word_1_143' title='bbox 1310 2142 1381 2194; x_wconf 88' lang='lat' dir='ltr'>tem-</span> 
     </span>
     <span class='ocr_line' id='line_1_18' title="bbox 239 2231 1380 2312; baseline 0 -19"><span class='ocrx_word' id='word_1_144' title='bbox 239 2253 310 2311; x_wconf 86' lang='lat' dir='ltr'>pore</span> <span class='ocrx_word' id='word_1_145' title='bbox 333 2237 467 2296; x_wconf 89' lang='lat' dir='ltr'>adventui</span> <span class='ocrx_word' id='word_1_146' title='bbox 488 2238 628 2297; x_wconf 88' lang='lat' dir='ltr'>Demetrii</span> <span class='ocrx_word' id='word_1_147' title='bbox 651 2233 689 2311; x_wconf 91' lang='grc'>(1.</span> <span class='ocrx_word' id='word_1_148' title='bbox 707 2231 780 2312; x_wconf 83' lang='lat'><strong>307)</strong></span> <span class='ocrx_word' id='word_1_149' title='bbox 802 2238 931 2308; x_wconf 87' lang='lat' dir='ltr'>proximo</span> <span class='ocrx_word' id='word_1_150' title='bbox 947 2235 1137 2296; x_wconf 86' lang='lat' dir='ltr'>Athenienses</span> <span class='ocrx_word' id='word_1_151' title='bbox 1160 2252 1267 2295; x_wconf 90' lang='lat' dir='ltr'>summo</span> <span class='ocrx_word' id='word_1_152' title='bbox 1290 2237 1380 2308; x_wconf 83' lang='lat' dir='ltr'>magi·</span> 
     </span>
     <span class='ocr_line' id='line_1_19' title="bbox 240 2336 1380 2413; baseline -0.002 -18"><span class='ocrx_word' id='word_1_153' title='bbox 240 2343 333 2398; x_wconf 90' lang='lat' dir='ltr'>stratn</span> <span class='ocrx_word' id='word_1_154' title='bbox 348 2336 460 2397; x_wconf 90' lang='lat' dir='ltr'>sublato</span> <span class='ocrx_word' id='word_1_155' title='bbox 475 2354 511 2396; x_wconf 86' lang='lat' dir='ltr'>cx</span> <span class='ocrx_word' id='word_1_156' title='bbox 526 2338 710 2397; x_wconf 77' lang='lat' dir='ltr'>servatorum</span> <span class='ocrx_word' id='word_1_157' title='bbox 722 2338 881 2397; x_wconf 87' lang='lat' dir='ltr'>sacerdotis</span> <span class='ocrx_word' id='word_1_158' title='bbox 898 2339 1011 2398; x_wconf 90' lang='lat' dir='ltr'>nomine</span> <span class='ocrx_word' id='word_1_159' title='bbox 1026 2339 1144 2413; x_wconf 86' lang='lat' dir='ltr'>singulis</span> <span class='ocrx_word' id='word_1_160' title='bbox 1159 2339 1241 2397; x_wconf 91' lang='lat' dir='ltr'>annis</span> <span class='ocrx_word' id='word_1_161' title='bbox 1262 2337 1380 2394; x_wconf 89' lang='lat' dir='ltr'>nomina</span> 
     </span>
     <span class='ocr_line' id='line_1_20' title="bbox 240 2436 1379 2514; baseline -0.003 -17"><span class='ocrx_word' id='word_1_162' title='bbox 240 2438 352 2497; x_wconf 88' lang='lat' dir='ltr'>dedisse</span> <span class='ocrx_word' id='word_1_163' title='bbox 373 2442 402 2496; x_wconf 89' lang='lat' dir='ltr'>et</span> <span class='ocrx_word' id='word_1_164' title='bbox 424 2439 549 2497; x_wconf 90' lang='lat' dir='ltr'>eiusdem</span> <span class='ocrx_word' id='word_1_165' title='bbox 571 2453 674 2496; x_wconf 93' lang='lat' dir='ltr'>nomen</span> <span class='ocrx_word' id='word_1_166' title='bbox 695 2438 795 2497; x_wconf 88' lang='lat' dir='ltr'>edictis</span> <span class='ocrx_word' id='word_1_167' title='bbox 818 2444 847 2497; x_wconf 89' lang='lat' dir='ltr'>et</span> <span class='ocrx_word' id='word_1_168' title='bbox 862 2441 953 2511; x_wconf 85' lang='lat' dir='ltr'>pactis</span> <span class='ocrx_word' id='word_1_169' title='bbox 974 2441 1152 2513; x_wconf 86' lang='lat' dir='ltr'>inscripsisse</span> <span class='ocrx_word' id='word_1_170' title='bbox 1168 2436 1261 2514; x_wconf 89' lang='lat' dir='ltr'>(Dcrn.</span> <span class='ocrx_word' id='word_1_171' title='bbox 1278 2454 1301 2494; x_wconf 89' lang='lat' dir='ltr'>c.</span> <span class='ocrx_word' id='word_1_172' title='bbox 1320 2436 1379 2508; x_wconf 89' lang='grc'>10),</span> 
     </span>
    </p>
   </div>
   <div class='ocr_carea' id='block_1_4' title="bbox 145 2527 1382 2613">
    <p class='ocr_par' dir='ltr' id='par_1_6' title="bbox 145 2527 1382 2613">
     <span class='ocr_line' id='line_1_21' title="bbox 145 2527 1382 2613; baseline -0.01 -10"><span class='ocrx_word' id='word_1_173' title='bbox 145 2527 153 2603; x_wconf 59' lang='lat' dir='ltr'><em>f</em></span> <span class='ocrx_word' id='word_1_174' title='bbox 238 2543 456 2613; x_wconf 88' lang='lat' dir='ltr'>posteaautem,</span> <span class='ocrx_word' id='word_1_175' title='bbox 479 2539 729 2597; x_wconf 89' lang='lat' dir='ltr'>cumaDemetrio</span> <span class='ocrx_word' id='word_1_176' title='bbox 752 2536 1065 2610; x_wconf 84' lang='lat' dir='ltr'>defecissent(a.287)</span> <span class='ocrx_word' id='word_1_177' title='bbox 1079 2542 1104 2597; x_wconf 90' lang='lat' dir='ltr'>ei</span> <span class='ocrx_word' id='word_1_178' title='bbox 1127 2539 1200 2596; x_wconf 94' lang='lat' dir='ltr'>mori</span> <span class='ocrx_word' id='word_1_179' title='bbox 1222 2535 1305 2596; x_wconf 87' lang='lat' dir='ltr'>finem</span> <span class='ocrx_word' id='word_1_180' title='bbox 1328 2537 1382 2592; x_wconf 92' lang='lat' dir='ltr'>im-</span> 
     </span>
    </p>
   </div>
   <div class='ocr_carea' id='block_1_5' title="bbox 239 2634 1448 3320">
    <p class='ocr_par' dir='ltr' id='par_1_7' title="bbox 239 2634 1448 3320">
     <span class='ocr_line' id='line_1_22' title="bbox 239 2634 1382 2717; baseline -0.003 -19"><span class='ocrx_word' id='word_1_181' title='bbox 239 2642 367 2713; x_wconf 87' lang='lat' dir='ltr'>posuisse</span> <span class='ocrx_word' id='word_1_182' title='bbox 379 2637 431 2717; x_wconf 90' lang='lat' dir='ltr'>(ib.</span> <span class='ocrx_word' id='word_1_183' title='bbox 444 2657 468 2700; x_wconf 90' lang='lat' dir='ltr'>o.</span> <span class='ocrx_word' id='word_1_184' title='bbox 483 2634 536 2716; x_wconf 85' lang='grc'>46)</span> <span class='ocrx_word' id='word_1_185' title='bbox 549 2638 646 2706; x_wconf 87' lang='lat' dir='ltr'>tradit,</span> <span class='ocrx_word' id='word_1_186' title='bbox 668 2639 696 2696; x_wconf 92' lang='lat' dir='ltr'>id</span> <span class='ocrx_word' id='word_1_187' title='bbox 709 2636 810 2697; x_wconf 84' lang='lat' dir='ltr'>falsum</span> <span class='ocrx_word' id='word_1_188' title='bbox 823 2655 884 2698; x_wconf 92' lang='lat' dir='ltr'>esse</span> <span class='ocrx_word' id='word_1_189' title='bbox 902 2641 957 2697; x_wconf 91' lang='lat' dir='ltr'>iam</span> <span class='ocrx_word' id='word_1_190' title='bbox 969 2644 1095 2710; x_wconf 80' lang='lat' dir='ltr'>constat3</span> <span class='ocrx_word' id='word_1_191' title='bbox 1119 2654 1183 2696; x_wconf 91' lang='lat' dir='ltr'>eum</span> <span class='ocrx_word' id='word_1_192' title='bbox 1194 2643 1291 2696; x_wconf 90' lang='lat' dir='ltr'>tamen</span> <span class='ocrx_word' id='word_1_193' title='bbox 1304 2653 1382 2695; x_wconf 91' lang='lat' dir='ltr'>erro·</span> 
     </span>
     <span class='ocr_line' id='line_1_23' title="bbox 244 2737 1382 2814; baseline -0.005 -14"><span class='ocrx_word' id='word_1_194' title='bbox 244 2758 306 2801; x_wconf 88' lang='lat' dir='ltr'>rem</span> <span class='ocrx_word' id='word_1_195' title='bbox 321 2747 441 2814; x_wconf 87' lang='lat' dir='ltr'>utroque</span> <span class='ocrx_word' id='word_1_196' title='bbox 462 2742 525 2800; x_wconf 90' lang='lat' dir='ltr'>loco</span> <span class='ocrx_word' id='word_1_197' title='bbox 547 2741 602 2813; x_wconf 92' lang='lat' dir='ltr'>ipsi</span> <span class='ocrx_word' id='word_1_198' title='bbox 623 2738 777 2798; x_wconf 90' lang='lat' dir='ltr'>Plutarcho</span> <span class='ocrx_word' id='word_1_199' title='bbox 799 2739 980 2798; x_wconf 87' lang='lat' dir='ltr'>tribuendum</span> <span class='ocrx_word' id='word_1_200' title='bbox 990 2755 1052 2798; x_wconf 89' lang='lat' dir='ltr'>esse</span> <span class='ocrx_word' id='word_1_201' title='bbox 1063 2737 1253 2812; x_wconf 87' lang='lat' dir='ltr'>probabiliter</span> <span class='ocrx_word' id='word_1_202' title='bbox 1264 2737 1382 2797; x_wconf 91' lang='lat' dir='ltr'>demon-</span> 
     </span>
     <span class='ocr_line' id='line_1_24' title="bbox 240 2837 1379 2912; baseline -0.006 -10"><span class='ocrx_word' id='word_1_203' title='bbox 240 2844 341 2902; x_wconf 88' lang='lat' dir='ltr'>stravit</span> <span class='ocrx_word' id='word_1_204' title='bbox 362 2837 568 2901; x_wconf 84' lang='lat' dir='ltr'>Kirohholl</span> <span class='ocrx_word' id='word_1_205' title='bbox 579 2839 614 2911; x_wconf 76' lang='lat'>²).</span> <span class='ocrx_word' id='word_1_206' title='bbox 657 2839 697 2900; x_wconf 92' lang='lat' dir='ltr'>Ut</span> <span class='ocrx_word' id='word_1_207' title='bbox 716 2841 805 2899; x_wconf 89' lang='lat' dir='ltr'>totius</span> <span class='ocrx_word' id='word_1_208' title='bbox 826 2838 974 2899; x_wconf 89' lang='lat' dir='ltr'>relationis</span> <span class='ocrx_word' id='word_1_209' title='bbox 995 2858 1053 2900; x_wconf 89' lang='lat' dir='ltr'>non</span> <span class='ocrx_word' id='word_1_210' title='bbox 1075 2839 1224 2912; x_wconf 90' lang='lat' dir='ltr'>probanda</span> <span class='ocrx_word' id='word_1_211' title='bbox 1244 2841 1303 2898; x_wconf 90' lang='lat' dir='ltr'>sint</span> <span class='ocrx_word' id='word_1_212' title='bbox 1324 2839 1379 2897; x_wconf 91' lang='lat' dir='ltr'>nisi</span> 
     </span>
     <span class='ocr_line' id='line_1_25' title="bbox 241 2940 1384 3017; baseline -0.003 -17"><span class='ocrx_word' id='word_1_213' title='bbox 241 2941 302 3003; x_wconf 91' lang='lat' dir='ltr'>fere</span> <span class='ocrx_word' id='word_1_214' title='bbox 323 2943 409 3002; x_wconf 90' lang='lat' dir='ltr'>haec:</span> <span class='ocrx_word' id='word_1_215' title='bbox 445 2941 573 3017; x_wconf 90' lang='lat' dir='ltr'>Athenis,</span> <span class='ocrx_word' id='word_1_216' title='bbox 595 2945 745 3014; x_wconf 90' lang='lat' dir='ltr'>postquam</span> <span class='ocrx_word' id='word_1_217' title='bbox 768 2956 786 2999; x_wconf 92' lang='lat' dir='ltr'>a</span> <span class='ocrx_word' id='word_1_218' title='bbox 806 2940 954 3000; x_wconf 88' lang='lat' dir='ltr'>Demetrio</span> <span class='ocrx_word' id='word_1_219' title='bbox 976 2946 1078 3014; x_wconf 91' lang='lat' dir='ltr'>captae</span> <span class='ocrx_word' id='word_1_220' title='bbox 1099 2948 1172 3011; x_wconf 88' lang='lat' dir='ltr'>sunt,</span> <span class='ocrx_word' id='word_1_221' title='bbox 1206 2942 1384 3015; x_wconf 89' lang='lat' dir='ltr'>aliquantum</span> 
     </span>
     <span class='ocr_line' id='line_1_26' title="bbox 243 3034 1448 3118; baseline -0.009 -12"><span class='ocrx_word' id='word_1_222' title='bbox 243 3046 381 3117; x_wconf 89' lang='lat' dir='ltr'>temporis</span> <span class='ocrx_word' id='word_1_223' title='bbox 420 3044 602 3103; x_wconf 82' lang='lat' dir='ltr'>servatorum</span> <span class='ocrx_word' id='word_1_224' title='bbox 635 3042 798 3102; x_wconf 88' lang='lat' dir='ltr'>sacerdotes</span> <span class='ocrx_word' id='word_1_225' title='bbox 830 3059 940 3101; x_wconf 91' lang='lat' dir='ltr'>annuos</span> <span class='ocrx_word' id='word_1_226' title='bbox 978 3039 1066 3100; x_wconf 86' lang='lat' dir='ltr'>luisse</span> <span class='ocrx_word' id='word_1_227' title='bbox 1098 3058 1219 3118; x_wconf 85' lang='lat' dir='ltr'>eosque,</span> <span class='ocrx_word' id='word_1_228' title='bbox 1263 3056 1384 3113; x_wconf 88' lang='lat' dir='ltr'>quorum</span> <span class='ocrx_word' id='word_1_229' title='bbox 1445 3034 1448 3043; x_wconf 92' lang='lat'>&#39;</span> 
     </span>
     <span class='ocr_line' id='line_1_27' title="bbox 244 3142 1299 3221; baseline -0.007 -16"><span class='ocrx_word' id='word_1_230' title='bbox 244 3153 401 3221; x_wconf 86' lang='lat' dir='ltr'>postremus</span> <span class='ocrx_word' id='word_1_231' title='bbox 422 3143 554 3217; x_wconf 90' lang='lat' dir='ltr'>Diphilus</span> <span class='ocrx_word' id='word_1_232' title='bbox 574 3142 681 3210; x_wconf 85' lang='lat' dir='ltr'>fuisset,</span> <span class='ocrx_word' id='word_1_233' title='bbox 704 3159 729 3200; x_wconf 91' lang='lat' dir='ltr'>a.</span> <span class='ocrx_word' id='word_1_234' title='bbox 754 3145 814 3201; x_wconf 79' lang='lat'>287</span> <span class='ocrx_word' id='word_1_235' title='bbox 837 3144 1057 3216; x_wconf 86' lang='lat' dir='ltr'>inperpetuum</span> <span class='ocrx_word' id='word_1_236' title='bbox 1078 3142 1206 3201; x_wconf 87' lang='lat' dir='ltr'>sublatos</span> <span class='ocrx_word' id='word_1_237' title='bbox 1227 3157 1299 3199; x_wconf 89' lang='lat' dir='ltr'>esse.</span> 
     </span>
     <span class='ocr_line' id='line_1_28' title="bbox 326 3242 1383 3320; baseline -0.012 -14"><span class='ocrx_word' id='word_1_238' title='bbox 326 3248 447 3306; x_wconf 82' lang='lat' dir='ltr'>Restant</span> <span class='ocrx_word' id='word_1_239' title='bbox 461 3246 609 3319; x_wconf 84' lang='lat' dir='ltr'>quaedam,</span> <span class='ocrx_word' id='word_1_240' title='bbox 633 3260 716 3320; x_wconf 84' lang='lat' dir='ltr'>qnae,</span> <span class='ocrx_word' id='word_1_241' title='bbox 738 3244 896 3302; x_wconf 90' lang='lat' dir='ltr'>cumomni</span> <span class='ocrx_word' id='word_1_242' title='bbox 918 3242 1082 3302; x_wconf 89' lang='lat' dir='ltr'>adiumento</span> <span class='ocrx_word' id='word_1_243' title='bbox 1107 3253 1266 3316; x_wconf 85' lang='lat' dir='ltr'>careamus,</span> <span class='ocrx_word' id='word_1_244' title='bbox 1288 3242 1383 3297; x_wconf 88' lang='lat' dir='ltr'>utrum</span> 
     </span>
    </p>
   </div>
   <div class='ocr_carea' id='block_1_6' title="bbox 246 3499 1389 3576">
    <p class='ocr_par' dir='ltr' id='par_1_8' title="bbox 246 3499 1389 3576">
     <span class='ocr_line' id='line_1_29' title="bbox 246 3499 1389 3576; baseline -0.006 -15"><span class='ocrx_word' id='word_1_245' title='bbox 246 3507 458 3576; x_wconf 82' lang='lat' dir='ltr'>populiscitornm</span> <span class='ocrx_word' id='word_1_246' title='bbox 476 3512 610 3574; x_wconf 87' lang='lat' dir='ltr'>rogatore,</span> <span class='ocrx_word' id='word_1_247' title='bbox 640 3504 705 3557; x_wconf 89' lang='lat' dir='ltr'>bene</span> <span class='ocrx_word' id='word_1_248' title='bbox 732 3502 785 3569; x_wconf 80' lang='lat' dir='ltr'>egit</span> <span class='ocrx_word' id='word_1_249' title='bbox 803 3502 830 3555; x_wconf 84' lang='lat' dir='ltr'>C.</span> <span class='ocrx_word' id='word_1_250' title='bbox 849 3501 986 3558; x_wconf 85' lang='lat' dir='ltr'>Curtius</span> <span class='ocrx_word' id='word_1_251' title='bbox 1011 3503 1039 3556; x_wconf 95' lang='lat' dir='ltr'>in</span> <span class='ocrx_word' id='word_1_252' title='bbox 1065 3501 1198 3568; x_wconf 87' lang='lat' dir='ltr'>Philologo</span> <span class='ocrx_word' id='word_1_253' title='bbox 1225 3499 1389 3570; x_wconf 85' lang='lat' dir='ltr'>Gottingensi</span> 
     </span>
    </p>
   </div>
   <div class='ocr_carea' id='block_1_7' title="bbox 246 3593 1389 4532">
    <p class='ocr_par' dir='ltr' id='par_1_9' title="bbox 249 3593 463 3662">
     <span class='ocr_line' id='line_1_30' title="bbox 249 3593 463 3662; baseline 0.009 -17"><span class='ocrx_word' id='word_1_254' title='bbox 249 3593 333 3660; x_wconf 87' lang='lat' dir='ltr'>XXX,</span> <span class='ocrx_word' id='word_1_255' title='bbox 354 3594 388 3647; x_wconf 88' lang='lat'>93</span> <span class='ocrx_word' id='word_1_256' title='bbox 406 3609 463 3662; x_wconf 89' lang='lat' dir='ltr'>sqq.</span> 
     </span>
    </p>

    <p class='ocr_par' dir='ltr' id='par_1_10' title="bbox 246 3675 1388 3928">
     <span class='ocr_line' id='line_1_31' title="bbox 316 3675 1388 3749; baseline -0.009 -14"><span class='ocrx_word' id='word_1_257' title='bbox 316 3681 335 3749; x_wconf 87' lang='lat'>¹)</span> <span class='ocrx_word' id='word_1_258' title='bbox 355 3679 430 3746; x_wconf 75' lang='lat' dir='ltr'>Quod</span> <span class='ocrx_word' id='word_1_259' title='bbox 448 3681 556 3735; x_wconf 90' lang='lat' dir='ltr'>Reuss</span> <span class='ocrx_word' id='word_1_260' title='bbox 573 3695 599 3746; x_wconf 91' lang='lat' dir='ltr'>p.</span> <span class='ocrx_word' id='word_1_261' title='bbox 619 3675 676 3743; x_wconf 84' lang='grc'>134,</span> <span class='ocrx_word' id='word_1_262' title='bbox 696 3675 741 3728; x_wconf 89' lang='lat' dir='ltr'>ubi</span> <span class='ocrx_word' id='word_1_263' title='bbox 760 3675 792 3730; x_wconf 92' lang='lat' dir='ltr'>de</span> <span class='ocrx_word' id='word_1_264' title='bbox 811 3676 887 3730; x_wconf 88' lang='lat' dir='ltr'>Dem.</span> <span class='ocrx_word' id='word_1_265' title='bbox 906 3694 927 3729; x_wconf 90' lang='lat' dir='ltr'>c</span> <span class='ocrx_word' id='word_1_266' title='bbox 942 3676 972 3729; x_wconf 89' lang='lat'>11</span> <span class='ocrx_word' id='word_1_267' title='bbox 992 3676 1056 3744; x_wconf 88' lang='lat' dir='ltr'>agit,</span> <span class='ocrx_word' id='word_1_268' title='bbox 1074 3675 1208 3729; x_wconf 84' lang='lat' dir='ltr'>existimat</span> <span class='ocrx_word' id='word_1_269' title='bbox 1226 3677 1388 3747; x_wconf 66' lang='grc' dir='ltr'><em>ψηφίσματα</em></span> 
     </span>
     <span class='ocr_line' id='line_1_32' title="bbox 247 3761 1388 3832; baseline -0.006 -12"><span class='ocrx_word' id='word_1_270' title='bbox 247 3766 415 3821; x_wconf 88' lang='lat' dir='ltr'>aPlntareho</span> <span class='ocrx_word' id='word_1_271' title='bbox 434 3769 632 3820; x_wconf 87' lang='lat' dir='ltr'>commemorata</span> <span class='ocrx_word' id='word_1_272' title='bbox 643 3763 676 3817; x_wconf 89' lang='lat' dir='ltr'>ad</span> <span class='ocrx_word' id='word_1_273' title='bbox 688 3761 873 3818; x_wconf 91' lang='lat' dir='ltr'>Philochorum</span> <span class='ocrx_word' id='word_1_274' title='bbox 891 3763 1037 3817; x_wconf 88' lang='lat' dir='ltr'>revocanda</span> <span class='ocrx_word' id='word_1_275' title='bbox 1048 3777 1113 3832; x_wconf 87' lang='lat' dir='ltr'>esse,</span> <span class='ocrx_word' id='word_1_276' title='bbox 1132 3762 1200 3831; x_wconf 89' lang='lat' dir='ltr'>quod</span> <span class='ocrx_word' id='word_1_277' title='bbox 1218 3763 1241 3816; x_wconf 92' lang='lat' dir='ltr'>is</span> <span class='ocrx_word' id='word_1_278' title='bbox 1259 3762 1388 3828; x_wconf 85' lang='lat' dir='ltr'>collegerit</span> 
     </span>
     <span class='ocr_line' id='line_1_33' title="bbox 246 3843 1174 3928; baseline -0.003 -24"><span class='ocrx_word' id='word_1_279' title='bbox 246 3845 498 3928; x_wconf 74' lang='grc' dir='ltr'>ἐπιγράμματα</span> <span class='ocrx_word' id='word_1_280' title='bbox 515 3843 625 3921; x_wconf 59' lang='lat' dir='ltr'>herred,</span> <span class='ocrx_word' id='word_1_281' title='bbox 645 3865 753 3917; x_wconf 75' lang='lat' dir='ltr'>pirorsus</span> <span class='ocrx_word' id='word_1_282' title='bbox 770 3851 869 3904; x_wconf 82' lang='lat' dir='ltr'>incerto</span> <span class='ocrx_word' id='word_1_283' title='bbox 887 3848 1055 3903; x_wconf 78' lang='lat' dir='ltr'>fundamento</span> <span class='ocrx_word' id='word_1_284' title='bbox 1073 3849 1174 3904; x_wconf 85' lang='lat' dir='ltr'>nititur.</span> 
     </span>
    </p>

    <p class='ocr_par' dir='ltr' id='par_1_11' title="bbox 246 3935 1389 4532">
     <span class='ocr_line' id='line_1_34' title="bbox 317 3935 1386 4009; baseline -0.011 -13"><span class='ocrx_word' id='word_1_285' title='bbox 317 3942 338 4009; x_wconf 81' lang='grc'>2)</span> <span class='ocrx_word' id='word_1_286' title='bbox 356 3945 389 3998; x_wconf 92' lang='lat' dir='ltr'>A.</span> <span class='ocrx_word' id='word_1_287' title='bbox 407 3937 594 3995; x_wconf 85' lang='lat' dir='ltr'>Kirchhofi</span> <span class='ocrx_word' id='word_1_288' title='bbox 619 3940 673 4006; x_wconf 78' lang='lat' dir='ltr'>„let</span> <span class='ocrx_word' id='word_1_289' title='bbox 698 3941 726 3991; x_wconf 80' lang='lat' dir='ltr'>iu</span> <span class='ocrx_word' id='word_1_290' title='bbox 744 3939 828 3992; x_wconf 83' lang='lat' dir='ltr'>Athen</span> <span class='ocrx_word' id='word_1_291' title='bbox 849 3939 943 4004; x_wconf 79' lang='lat' dir='ltr'>jemals</span> <span class='ocrx_word' id='word_1_292' title='bbox 968 3938 1036 3988; x_wconf 77' lang='grc'>11111</span> <span class='ocrx_word' id='word_1_293' title='bbox 1053 3938 1182 3990; x_wconf 57' lang='lat' dir='ltr'>Praestare</span> <span class='ocrx_word' id='word_1_294' title='bbox 1208 3939 1255 3988; x_wconf 82' lang='lat' dir='ltr'>der</span> <span class='ocrx_word' id='word_1_295' title='bbox 1281 3935 1386 3984; x_wconf 77' lang='lat' dir='ltr'>Soterem</span> 
     </span>
     <span class='ocr_line' id='line_1_35' title="bbox 248 4019 1389 4094; baseline -0.011 -13"><span class='ocrx_word' id='word_1_296' title='bbox 248 4031 328 4081; x_wconf 82' lang='lat' dir='ltr'>duttrt</span> <span class='ocrx_word' id='word_1_297' title='bbox 346 4024 488 4080; x_wconf 64' lang='lat' dir='ltr'>worteur‘</span> <span class='ocrx_word' id='word_1_298' title='bbox 506 4026 533 4078; x_wconf 92' lang='lat' dir='ltr'>in</span> <span class='ocrx_word' id='word_1_299' title='bbox 550 4025 648 4078; x_wconf 87' lang='lat' dir='ltr'>Herma</span> <span class='ocrx_word' id='word_1_300' title='bbox 665 4024 700 4094; x_wconf 87' lang='lat' dir='ltr'>li,</span> <span class='ocrx_word' id='word_1_301' title='bbox 721 4024 768 4078; x_wconf 79' lang='lat'>161</span> <span class='ocrx_word' id='word_1_302' title='bbox 789 4039 844 4091; x_wconf 90' lang='lat' dir='ltr'>sqq.</span> <span class='ocrx_word' id='word_1_303' title='bbox 886 4023 938 4076; x_wconf 88' lang='lat' dir='ltr'>Ubi</span> <span class='ocrx_word' id='word_1_304' title='bbox 956 4023 1044 4078; x_wconf 88' lang='lat' dir='ltr'>docuit</span> <span class='ocrx_word' id='word_1_305' title='bbox 1059 4025 1134 4078; x_wconf 85' lang='lat' dir='ltr'>annis</span> <span class='ocrx_word' id='word_1_306' title='bbox 1151 4019 1287 4077; x_wconf 77' lang='lat'><strong>306-287</strong></span> <span class='ocrx_word' id='word_1_307' title='bbox 1306 4031 1389 4086; x_wconf 87' lang='lat' dir='ltr'>neque</span> 
     </span>
     <span class='ocr_line' id='line_1_36' title="bbox 248 4112 1386 4180; baseline -0.011 -10"><span class='ocrx_word' id='word_1_308' title='bbox 248 4115 361 4170; x_wconf 83' lang='lat' dir='ltr'>defuisse</span> <span class='ocrx_word' id='word_1_309' title='bbox 381 4112 580 4167; x_wconf 88' lang='lat' dir='ltr'>Atheniensium</span> <span class='ocrx_word' id='word_1_310' title='bbox 598 4126 711 4166; x_wconf 89' lang='lat' dir='ltr'>summos</span> <span class='ocrx_word' id='word_1_311' title='bbox 730 4112 899 4178; x_wconf 83' lang='lat' dir='ltr'>magistratus</span> <span class='ocrx_word' id='word_1_312' title='bbox 924 4116 950 4165; x_wconf 89' lang='grc'>11</span> <span class='ocrx_word' id='word_1_313' title='bbox 976 4125 1079 4180; x_wconf 88' lang='lat' dir='ltr'>semper</span> <span class='ocrx_word' id='word_1_314' title='bbox 1097 4126 1129 4164; x_wconf 87' lang='lat' dir='ltr'>ex</span> <span class='ocrx_word' id='word_1_315' title='bbox 1147 4122 1254 4175; x_wconf 85' lang='lat' dir='ltr'>corum,</span> <span class='ocrx_word' id='word_1_316' title='bbox 1284 4122 1335 4160; x_wconf 92' lang='lat' dir='ltr'>non</span> <span class='ocrx_word' id='word_1_317' title='bbox 1353 4121 1386 4158; x_wconf 85' lang='lat' dir='ltr'>ex</span> 
     </span>
     <span class='ocr_line' id='line_1_37' title="bbox 247 4191 1385 4268; baseline -0.01 -11"><span class='ocrx_word' id='word_1_318' title='bbox 247 4202 416 4258; x_wconf 75' lang='lat' dir='ltr'>servatorum</span> <span class='ocrx_word' id='word_1_319' title='bbox 432 4198 595 4256; x_wconf 87' lang='lat' dir='ltr'>sacerdotum</span> <span class='ocrx_word' id='word_1_320' title='bbox 613 4198 759 4253; x_wconf 89' lang='lat' dir='ltr'>nominibus</span> <span class='ocrx_word' id='word_1_321' title='bbox 787 4213 835 4252; x_wconf 90' lang='lat' dir='ltr'>sua</span> <span class='ocrx_word' id='word_1_322' title='bbox 853 4201 928 4253; x_wconf 90' lang='lat' dir='ltr'>annis</span> <span class='ocrx_word' id='word_1_323' title='bbox 947 4198 1009 4253; x_wconf 87' lang='lat' dir='ltr'>data</span> <span class='ocrx_word' id='word_1_324' title='bbox 1027 4213 1098 4268; x_wconf 90' lang='lat' dir='ltr'>esse;</span> <span class='ocrx_word' id='word_1_325' title='bbox 1124 4198 1192 4252; x_wconf 89' lang='lat' dir='ltr'>idem</span> <span class='ocrx_word' id='word_1_326' title='bbox 1211 4196 1309 4248; x_wconf 89' lang='lat' dir='ltr'>erroris</span> <span class='ocrx_word' id='word_1_327' title='bbox 1326 4191 1385 4247; x_wconf 91' lang='lat' dir='ltr'>Plu·</span> 
     </span>
     <span class='ocr_line' id='line_1_38' title="bbox 247 4282 1386 4356; baseline -0.011 -11"><span class='ocrx_word' id='word_1_328' title='bbox 247 4289 331 4345; x_wconf 83' lang='lat' dir='ltr'>turchi</span> <span class='ocrx_word' id='word_1_329' title='bbox 350 4304 455 4343; x_wconf 74' lang='lat' dir='ltr'>calisam</span> <span class='ocrx_word' id='word_1_330' title='bbox 473 4294 548 4342; x_wconf 89' lang='lat' dir='ltr'>acute</span> <span class='ocrx_word' id='word_1_331' title='bbox 575 4287 719 4356; x_wconf 87' lang='lat' dir='ltr'>perspexit,</span> <span class='ocrx_word' id='word_1_332' title='bbox 747 4302 804 4340; x_wconf 91' lang='lat' dir='ltr'>cum</span> <span class='ocrx_word' id='word_1_333' title='bbox 830 4285 1006 4354; x_wconf 88' lang='lat' dir='ltr'>suspicaretur</span> <span class='ocrx_word' id='word_1_334' title='bbox 1025 4286 1052 4339; x_wconf 92' lang='lat' dir='ltr'>in</span> <span class='ocrx_word' id='word_1_335' title='bbox 1079 4285 1151 4339; x_wconf 88' lang='lat' dir='ltr'>fonto</span> <span class='ocrx_word' id='word_1_336' title='bbox 1178 4283 1235 4337; x_wconf 89' lang='lat' dir='ltr'>eius</span> <span class='ocrx_word' id='word_1_337' title='bbox 1262 4282 1386 4337; x_wconf 88' lang='lat' dir='ltr'>traditum</span> 
     </span>
     <span class='ocr_line' id='line_1_39' title="bbox 246 4373 1388 4446; baseline -0.009 -16"><span class='ocrx_word' id='word_1_338' title='bbox 246 4376 327 4432; x_wconf 85' lang='lat' dir='ltr'>fuisse</span> <span class='ocrx_word' id='word_1_339' title='bbox 337 4376 462 4446; x_wconf 81' lang='lat' dir='ltr'>Antigoni</span> <span class='ocrx_word' id='word_1_340' title='bbox 474 4383 500 4431; x_wconf 87' lang='lat' dir='ltr'>et</span> <span class='ocrx_word' id='word_1_341' title='bbox 508 4375 643 4440; x_wconf 89' lang='lat' dir='ltr'>Demetrii,</span> <span class='ocrx_word' id='word_1_342' title='bbox 664 4378 695 4428; x_wconf 91' lang='lat' dir='ltr'>ut</span> <span class='ocrx_word' id='word_1_343' title='bbox 710 4389 832 4428; x_wconf 88' lang='lat' dir='ltr'>novarum</span> <span class='ocrx_word' id='word_1_344' title='bbox 845 4373 958 4427; x_wconf 91' lang='lat' dir='ltr'>tribuum</span> <span class='ocrx_word' id='word_1_345' title='bbox 976 4378 1155 4440; x_wconf 86' lang='lat' dir='ltr'>patronorum,</span> <span class='ocrx_word' id='word_1_346' title='bbox 1168 4376 1268 4425; x_wconf 88' lang='lat' dir='ltr'>statuas</span> <span class='ocrx_word' id='word_1_347' title='bbox 1280 4383 1388 4422; x_wconf 88' lang='lat' dir='ltr'>numero</span> 
     </span>
     <span class='ocr_line' id='line_1_40' title="bbox 248 4455 1370 4532; baseline -0.011 -14"><span class='ocrx_word' id='word_1_348' title='bbox 248 4463 408 4532; x_wconf 88' lang='lat' dir='ltr'>reliquarum</span> <span class='ocrx_word' id='word_1_349' title='bbox 427 4464 514 4519; x_wconf 89' lang='lat' dir='ltr'>docem</span> <span class='ocrx_word' id='word_1_350' title='bbox 533 4462 566 4518; x_wconf 90' lang='lat' dir='ltr'>ab</span> <span class='ocrx_word' id='word_1_351' title='bbox 578 4461 780 4517; x_wconf 88' lang='lat' dir='ltr'>Atheniensibus</span> <span class='ocrx_word' id='word_1_352' title='bbox 797 4460 920 4521; x_wconf 83' lang='lat' dir='ltr'>adiectus,</span> <span class='ocrx_word' id='word_1_353' title='bbox 942 4458 1047 4513; x_wconf 84' lang='lat' dir='ltr'>easdem</span> <span class='ocrx_word' id='word_1_354' title='bbox 1065 4463 1155 4524; x_wconf 83' lang='lat' dir='ltr'>postea</span> <span class='ocrx_word' id='word_1_355' title='bbox 1172 4455 1288 4510; x_wconf 89' lang='lat' dir='ltr'>sublatas</span> <span class='ocrx_word' id='word_1_356' title='bbox 1306 4469 1370 4509; x_wconf 88' lang='lat' dir='ltr'>esse.</span> 
     </span>
    </p>
   </div>
   <div class='ocr_carea' id='block_1_8' title="bbox 0 0 1637 5109">
    <p class='ocr_par' dir='ltr' id='par_1_12' title="bbox 0 0 1637 5109">
     <span class='ocr_line' id='line_1_41' title="bbox 0 0 1637 5109; baseline 0 0"><span class='ocrx_word' id='word_1_357' title='bbox 0 0 1637 5109; x_wconf 95' lang='lat' dir='ltr'> </span> 
     </span>
    </p>
   </div>
  </div>
 </body>
</html>
