3250 5109
240 609 300 665 vita
322 610 433 680 saepius
456 610 614 667 invenimus
638 614 667 666 et
689 626 707 666 a
729 611 874 668 communi
894 611 943 667 illo
963 609 1051 676 fonte,
1074 610 1104 667 id
1126 614 1171 668 est
1193 609 1382 693 Hieronymo,
1437 610 1441 621 '

239 707 462 768 abiudicavimus
485 704 528 783 (p.
553 705 617 784 18).

322 808 416 880 Atque
438 826 501 867 cum
523 809 610 880 paulo
634 816 701 867 ante
722 809 776 867 loci
797 825 832 866 ex
853 825 877 866 c.
899 811 916 865 2
939 809 1024 880 petiti
1045 810 1152 867 mentio
1174 807 1252 868 facta
1275 811 1321 884 sit,
1336 811 1383 869 hic

240 909 386 985 commode
408 909 548 980 quaedam
570 909 606 967 de
621 908 764 966 Demetrii
777 909 853 966 vitae
874 908 967 980 initio,
992 908 1027 966 de
1043 925 1098 980 quo
1114 909 1241 967 nondum
1262 912 1379 984 egimus,

239 1008 402 1067 adiciemus.
424 1007 595 1066 Plutarchus
617 1009 706 1082 igitur
726 1014 792 1080 post
813 1007 899 1066 breve
921 1008 1121 1067 exordium-in
1142 1009 1382 1081 proximocapite

240 1104 276 1165 de
287 1109 429 1166 Demetrii
450 1109 618 1180 parentibus
640 1114 669 1166 et
690 1104 781 1167 fratre
803 1107 902 1182 refert,
915 1125 985 1181 quas
996 1124 1043 1166 res
1056 1125 1113 1166 non
1134 1125 1215 1168 secus
1230 1125 1263 1166 ac
1276 1114 1381 1180 cetera,

239 1223 313 1279 quae
334 1207 438 1266 ibidem
460 1214 627 1282 narrantur,
649 1226 685 1267 ex
699 1209 869 1280 Hieronymi
889 1208 1011 1267 historia
1026 1209 1163 1281 sumpsit;
1185 1209 1262 1267 idem
1284 1209 1320 1267 de
1342 1212 1383 1268 eis

240 1312 412 1380 statuemus,
446 1325 519 1380 quae
549 1325 572 1365 c.
597 1310 635 1366 53
658 1325 702 1367 en.
725 1299 874 1382 (ἀπέλιπε
898 1302 937 1364 δὲ
956 1304 1033 1380 sqq.)
1065 1307 1101 1367 de
1123 1306 1264 1367 Demetrii
1285 1310 1383 1369 liberis

239 1408 400 1466 traduntur.
437 1408 572 1466 Attamen
595 1414 623 1466 et
645 1425 670 1466 1.
694 1410 711 1464 2
735 1402 990 1465 1111111111-
1013 1404 1220 1479 νομισθῆναι
1243 1415 1318 1467 111.
1342 1412 1381 1469 53

239 1506 327 1565 verba
349 1503 477 1581 λέγεται
502 1539 533 1548 -
562 1506 734 1583 ,revereat
760 1526 796 1566 ex
817 1507 874 1565 alio
895 1504 975 1564 fonte
996 1507 1100 1566 hausta
1121 1515 1195 1565 sunt.
1238 1508 1383 1569 Porroin

238 1625 264 1665 c.
292 1611 337 1676 14,
360 1625 423 1666 oum
445 1614 542 1667 cetera
563 1608 677 1666 aliunde
699 1610 791 1679 petita
814 1609 880 1677 sint,
903 1613 1015 1677 partem
1038 1624 1146 1680 eorum,
1169 1625 1241 1681 quae
1263 1608 1299 1668 de
1320 1610 1381 1666 Eu-

239 1707 337 1779 rydice
359 1712 388 1765 et
402 1706 494 1781 Phila,
506 1708 649 1767 Demetrii
669 1707 816 1779 uxoribus,
828 1708 948 1779 legimus
960 1698 1043 1776 (ἀλλ’
1060 1702 1094 1764 ἔν
1114 1724 1151 1782 γε
1162 1740 1202 1748 -
1214 1698 1337 1774 πόλεως
1353 1714 1382 1768 11

240 1787 285 1862 ὧν
308 1799 440 1880 agrena
456 1838 493 1847 —
511 1796 720 1884 ἀπολιπόντι)
736 1808 916 1879 Hieronymo
930 1809 993 1866 iure
1013 1808 1177 1868 adiudicare
1192 1811 1262 1867 mihi
1275 1809 1382 1868 videor.

239 1905 319 1964 Idem
333 1909 482 1979 quominus
494 1907 528 1966 de
541 1924 565 1965 1.
579 1908 596 1963 3
610 1914 639 1966 et
651 1911 670 1964 4
682 1907 830 1975 faciamus,
849 1907 919 1966 nihil
931 1907 1035 1977 obstat,
1049 1910 1176 1980 quamvis
1196 1909 1225 1966 in
1247 1909 1302 1967 hoc
1322 1910 1385 1980 qui·

242 2004 306 2064 dem
328 2007 368 2068 de
384 2008 562 2067 Mithridatis
583 2014 680 2068 aetate
702 2010 771 2066 insit
786 2006 950 2078 difficultas,
972 2023 1058 2080 quam
1080 2008 1116 2067 ab
1138 2009 1192 2066 hac
1214 2010 1383 2081 quaestione

229 2105 363 2162 'alienam
382 2106 552 2180 omittimus;
582 2109 684 2178 immo,
715 2114 747 2165 ut
775 2114 925 2181 utrumque
952 2113 1038 2179 caput
1065 2109 1143 2166 illius
1170 2107 1319 2178 scriptoris
1348 2124 1384 2165 ex

239 2202 360 2263 historia
387 2207 509 2279 petitum
530 2223 592 2266 esse
614 2222 776 2277 sumamus,
810 2225 844 2266 eo
867 2206 1059 2281 adducimur,
1092 2205 1168 2278 quod
1190 2223 1215 2263 c.
1238 2209 1256 2262 4
1279 2206 1383 2264 Deme·

242 2304 314 2361 trius
342 2305 481 2364 humanus
510 2305 599 2367 fuisse
628 2312 657 2366 et
687 2308 843 2366 amicorum
873 2306 961 2364 saluti
989 2306 1067 2364 omni
1095 2303 1179 2363 modo
1209 2305 1384 2364 consuluisse
1448 2384 1450 2388 Ι

240 2403 354 2476 dicitur,
378 2409 436 2464 c.3
458 2408 549 2480 ipsius
572 2415 600 2466 et
622 2410 713 2481 patris
735 2406 916 2466 familiaritas
937 2412 966 2465 et
987 2421 1068 2464 amor
1089 2405 1241 2478 singularis
1262 2405 1385 2463 dilucide

240 2504 443 2577 depinguntur,
487 2505 582 2579 Atque
604 2524 668 2566 cum
690 2513 719 2566 et
740 2508 823 2566 Dem,
846 2527 871 2566 1.
894 2511 912 2564 4
937 2508 1038 2565 somnii
1066 2511 1095 2564 et
1122 2504 1209 2563 Diod.
1230 2506 1312 2575 XIX,
1335 2507 1384 2572 55,

240 2602 290 2660 uhi
311 2606 378 2676 quin
400 2623 490 2678 aeque
511 2624 546 2665 ac
566 2616 669 2681 postea
689 2606 886 2680 Hieronymus
909 2607 1034 2666 Diodori
1056 2612 1157 2663 auctor
1178 2607 1231 2681 sit,
1254 2621 1312 2662 non
1334 2612 1384 2673 est,

241 2720 291 2762 cur
312 2703 481 2777 dubitemus,
509 2709 636 2768 vaticinii
652 2710 759 2766 mentio
782 2707 844 2782 fiat,
861 2708 947 2765 etiam
963 2706 1073 2763 sommia
1087 2703 1171 2762 Dem.
1191 2707 1270 2763 119
1294 2710 1323 2763 11
1344 2707 1384 2763 29

237 2805 345 2862 tradita
367 2805 542 2879 Hieronymo
565 2807 763 2868 attribuemus,

323 2905 469 2976 Superest,
491 2912 523 2963 ut
545 2907 580 2965 de
597 2907 706 2966 duobus
727 2900 889 2964 Pausaniae
910 2906 982 2963 locis
1003 2905 1026 2973 I,
1051 2908 1114 2977 9,8
1138 2911 1166 2964 et
1192 2908 1238 2974 13,
1255 2908 1282 2975 9,
1317 2906 1381 2964 hre-

241 3005 315 3063 viter
336 3021 461 3078 agamus
505 3007 673 3065 (1111111111
698 3020 733 3063 ex
755 3007 805 3078 eis,
826 3023 901 3079 quae
923 3023 1011 3077 supra
1032 3005 1257 3077 disputavimus,
1280 3005 1385 3063 Hiero·

242 3122 357 3176 nymum
387 3108 568 3165 statuerimus
598 3113 627 3165 et
648 3107 685 3164 de
706 3106 768 3164 aliis
790 3106 907 3180 regibus
928 3122 1019 3178 aequa
1039 3105 1145 3163 iudicia
1169 3102 1272 3162 fecisse
1293 3121 1385 3175 neque

239 3205 330 3264 nimio
352 3206 594 3280 Antigenidarum
617 3207 712 3265 studio
734 3211 918 3266 occaecatum
948 3207 1099 3263 veritatem
1120 3205 1280 3276 neglexisse
1300 3205 1385 3261 intel-

243 3306 403 3375 lexerimus,
424 3308 473 3364 isti
494 3308 622 3379 opinioni
642 3306 757 3379 iudicia,
781 3323 854 3378 quae
877 3307 912 3364 de
928 3307 1027 3365 eodem
1041 3322 1138 3363 rerum
1153 3305 1293 3376 scriptore
1309 3304 1387 3375 apud

243 3406 415 3464 Pausaniam
435 3406 629 3479 inveniuntur,
652 3412 825 3481 repugnant.
858 3407 912 3477 Qui
935 3423 999 3464 eum
1022 3407 1108 3463 nimio
1129 3403 1268 3476 Antigoni
1289 3403 1387 3463 Gona-

244 3511 292 3563 tae
315 3506 409 3564 studio
431 3505 585 3564 adductum
607 3521 667 3564 esse
696 3507 857 3577 insimulat,
890 3511 922 3562 ut
951 3506 1011 3563 eius
1040 3505 1165 3579 gratiam
1193 3509 1322 3564 sectatus
1350 3506 1387 3564 de

245 3606 366 3663 aliorum
397 3619 498 3676 regum
521 3604 607 3664 rebus
630 3609 718 3681 gestis
742 3622 948 3679 nonnunquam
975 3604 1048 3663 flsa
1077 3605 1206 3663 traderet
1234 3611 1264 3663 et
1290 3606 1387 3679 inique

244 3705 396 3763 iudicaret.
440 3705 497 3764 Sed
520 3707 593 3778 quod
615 3708 775 3766 Pausanias
797 3708 890 3766 altero
911 3708 974 3766 loco
996 3706 1077 3763 illum
1098 3703 1236 3776 Antigoni
1259 3705 1390 3764 Gonatae

244 3805 337 3863 studio
369 3812 543 3865 commotum
574 3808 632 3868 alia
668 3815 752 3881 atque
780 3809 872 3881 ipsum
911 3807 946 3865 de
976 3805 1082 3878 Pyrrhi
1111 3810 1204 3863 morte
1232 3804 1387 3863 tradidisse

245 3908 394 3966 contendit
415 3903 477 3983 (ille
499 3909 574 3966 enim
597 3925 614 3966 a
635 3909 753 3967 muliere
774 3909 898 3981 quadam
919 3907 1023 3979 lapidis
1053 3907 1112 3964 ictu
1132 3905 1277 3978 Pyrrhum
1298 3905 1387 3962 inter·

154 4033 156 4039 ·
244 4005 351 4065 fectum
373 4023 435 4067 esse
450 4014 561 4081 narrat,
583 4007 742 4068 Pausanias
757 4011 819 4081 ipse
835 4008 969 4067 Cererem
984 4012 1132 4079 assumpta
1147 4006 1272 4065 mulieris
1294 4004 1387 4065 forma

245 4104 275 4161 id
303 4103 405 4164 fecisse
435 4103 614 4182 contendit),
645 4109 814 4181 Hieronymi
843 4109 1014 4168 relationem
1044 4111 1105 4167 sine
1134 4106 1221 4166 dubio
1251 4111 1329 4166 recte
1358 4125 1389 4167 11

245 4204 351 4264 habere
370 4198 411 4264 'et
440 4209 602 4267 Pausaniae
640 4192 805 4267 narrationi
830 4207 1051 4280 praeferendam
1080 4223 1142 4265 esse
1170 4205 1345 4277 Droysen
1359 4205 1388 4284 ¹)

251 4358 446 4366 ——-———---

319 4424 467 4491 111111.
503 4425 610 4478 Reuss
628 4441 654 4492 p.
673 4423 707 4477 55
731 4429 783 4477 not.
804 4425 819 4475 l
838 4427 864 4475 11
882 4439 908 4489 p.
929 4422 979 4476 147
1007 4438 1065 4475 curn
1088 4423 1293 4488 Droysenum
1320 4419 1388 4474 falso
1431 4442 1433 4446 ·
