3250 5109
845 415 885 470 34

289 613 473 672 minationem
495 613 651 673 detestatus
672 613 710 671 sit
725 611 758 685 ¹),
789 630 847 672 non
876 615 981 673 iniuria
1002 616 1127 688 opineris
1156 631 1220 674 eum
1249 617 1366 676 omnino
1388 617 1426 676 ab
1504 615 1506 619 ’

288 709 473 786 Antigonidis
497 714 675 786 aliquantum
703 709 791 772 fuisse
821 715 946 773 alienum
975 730 1064 788 eaque
1093 734 1125 775 re
1157 717 1308 776 adductum
1337 719 1429 777 tradi-

286 814 381 886 disse,
414 830 487 888 quae
518 815 546 873 in
576 814 731 886 Demetrii,
764 818 936 888 praesertim
971 833 1035 875 oum
1067 798 1104 876 ad
1126 816 1275 878 Graeciam
1296 819 1326 876 in
1347 836 1429 878 suam

287 919 460 988 potestatem
499 915 686 989 redigendam
724 918 831 974 iterum
873 918 1033 990 iterumque
1070 918 1265 993 expeditiones
1301 917 1418 980 fecisset

286 1015 411 1075 moribus
431 1017 524 1075 minus
545 1016 694 1090 probanda
715 1021 822 1076 essent.
853 1014 1028 1077 Confirmant
1051 1023 1147 1078 autern
1168 1019 1243 1078 hanc
1264 1021 1428 1092 opinionem

285 1131 328 1195 ea,
351 1132 422 1189 quae
444 1133 461 1174 a
483 1115 637 1175 Plutarcho
661 1134 696 1175 ex
718 1116 872 1190 Phylarchi
893 1118 1023 1177 historiis
1045 1123 1159 1207 sumpta
1180 1135 1243 1179 esse
1265 1121 1330 1192 ipsa
1350 1119 1428 1194 frag·

285 1222 364 1275 ment
366 1233 446 1275 orum
467 1213 542 1275 forte
513 1222 660 1277 tservat
662 1234 741 1276 orum
763 1220 939 1292 comparatio
963 1202 1082 1278 evincit:

326 1343 409 1400 Dem.
456 1359 480 1400 c.
521 1344 559 1400 25
613 1323 857 1453 (Δημήτριος)
922 1343 1004 1416 Phyl
1026 1343 1080 1418 frg
1107 1347 1146 1402 29
1169 1346 1212 1405 ed.
1237 1347 1336 1406 Muell
1369 1363 1426 1406 πε-

284 1430 430 1516 ἡδέος
411 1458 509 1514 ηκονε
531 1440 594 1500 τῶν
612 1459 705 1520 παρα
726 1394 857 1501 πότον
880 1433 1008 1521 ριεοόρα
1040 1434 1228 1522 Δημήτριος
1262 1432 1341 1513 νοός
1363 1465 1426 1506 κο-

285 1533 452 1616 ἐπιχύσεις
487 1532 723 1621 λαμβανόντων
761 1538 856 1614 Aa]
880 1500 1084 1609 λακεόοντας
1097 1561 1199 1604 αντον
1210 1546 1244 1604 ιν
1255 1551 1328 1614 τοις
1341 1563 1424 1623 σνμ-

285 1643 425 1724 μητρίον
446 1639 620 1722 βασιλέως,
654 1632 828 1703 Σελεύκου
854 1673 856 1677 ·
880 1641 1010 1710 ποσιοις
1032 1642 1089 1704 καὶ
1105 1646 1342 1721 ἐπιχεομένους
1359 1644 1425 1721 Λη-

287 1741 325 1804 δὲ
337 1735 600 1827 ἐλεφαντάρχου,
609 1739 828 1819 Πτολεμαῖον
854 1743 1023 1824 [μητρίοα
1043 1743 1102 1820 μὲν
1124 1738 1228 1820 μόνον
1248 1743 1425 1826 βασιλέως,

287 1841 325 1904 δὲ
346 1832 532 1925 ναοόρχον,
557 1837 764 1920 Λνσιμαῖχον
789 1841 827 1902 δὲ
853 1875 856 1913 .
880 1840 1099 1920 Πτολεμαῖον
1150 1843 1188 1906 δὲ
1239 1838 1426 1927 νανόρχον,

286 1935 532 2028 γαζοφύλακος.
768 1989 772 1994 -
854 1938 1090 2021 Λνσιμαχοο
1119 1944 1157 2006 δὲ
1179 1940 1427 2031 γαζοφύλακος,

853 2039 1110 2113 Σελεόκοοὸ
1134 2040 1398 2130 ἐλεφαντόρχον

296 2206 298 2213 ’
373 2186 453 2255 Quae
475 2179 563 2240 verba
584 2179 747 2254 apudt
681 2181 747 2238 Plut
748 2181 865 2239 archum
888 2182 923 2240 de
944 2182 1104 2256 Agathocle
1125 2184 1271 2256 leguntur,
1294 2186 1426 2255 autrpse

289 2283 404 2342 aliunde
427 2283 548 2354 sumpsit
536 2286 679 2340 tautt
640 2281 802 2340 Athenaeus
832 2274 1317 2355 (VI,p.'261b,ubiPhylarohi
1346 2283 1426 2341 locus

286 2388 415 2443 servatus
437 2383 495 2453 est)
518 2381 620 2441 omisit.
599 2381 790 2441 tDeinde:

327 2509 366 2567 ib
399 2503 627 2583 Πασίμαχος)
661 2503 857 2619 λοιδοροῖνξ
921 2505 1028 2580 Phylf
1026 2526 1069 2580 rg.
1083 2496 1425 2582 6Λοοιμαχος,Ἐηον

286 2611 334 2675 εις
366 2594 422 2666 τόν
458 2605 566 2687 ὲρωτα
601 2607 656 2683 τῆς
689 2583 857 2683 Λαμίας
854 2646 857 2704 5
882 2605 1006 2681 τοίνυν,
1029 2603 1107 2688 ἔφη,
1138 2595 1258 2686 πόρνην
1281 2607 1318 2665 ἐκ
1339 2625 1425 2685 τρα-

288 2706 375 2786 ἔλεγε
397 2707 453 2768 νῦν
482 2727 611 2788 πρωτον
643 2707 857 2787 έωρακέναιῐ
881 2704 974 2782 γικης
1018 2704 1134 2816 σκηνῆς
1182 2699 1248 2779 οὐχ
1290 2693 1426 2786 ἑόρακα

289 2800 672 2892 πόρνηνπροερχομένην
695 2809 858 2885 drapo-2
855 2800 1046 2909 ἐξιοῦσαν·
1070 2791 1127 2880 τὴν
1149 2801 1336 2882 αὐλητριὸα
1348 2805 1426 2868 Λα-

287 2909 382 2988 μικῇς
398 2908 524 2984 σκηνῆς
551 2902 630 2968 ode
646 2874 858 2988 Δημήτριος
856 2905 966 2984 μίαν
984 2905 1112 2985 λέγων’
1137 2902 1426 2987 Ἁπαγηελθέντος

288 3008 858 3094 εφητηνεαντονπορνηνσωφρο
856 3006 924 3068 δὲ
945 3006 1002 3069 καὶ
1026 2999 1158 3086 τοότον,
1180 2998 1279 3070 πόλιν
1302 3004 1427 3078 duodo·

288 3111 444 3191 νεσπέραν
486 3103 570 3168 εἶναι
612 3108 669 3183 της
706 3110 758 3169 aaa
761 3108 834 3170 νον
882 3096 993 3188 βων(
975 3128 993 3168 ο
1016 3099 1252 3227 Δημήτριος”
1233 3130 1313 3194 εφη,
1347 3103 1427 3170 Ἀλλ’

288 3200 488 3284 Πηνελόπης.
884 3203 996 3288 ἡπαρ
1020 3208 1091 3286 ἐμοὶ
1130 3202 1232 3291 πόρνη
1256 3217 1428 3294 σωφρονέ-

886 3323 1003 3389 στερον
1033 3309 1092 3384 τῆς
1122 3305 1196 3389 παρ’
1220 3309 1331 3390 ἐκείνῳ
1354 3308 1429 3386 Πη-

887 3401 1021 3493 νελόπης
1044 3407 1088 3492 ζῇ

374 3565 428 3623 His
450 3568 547 3623 autem
569 3563 639 3621 locis
661 3563 717 3620 iam
746 3565 890 3634 tamquam
922 3559 1116 3621 fundamentis
1138 3561 1190 3621 niti
1211 3562 1286 3622 lieet.
1329 3562 1431 3636 Itaque

289 3669 404 3738 inipso
428 3681 452 3722 c.
475 3664 626 3723 aserdan
650 3662 783 3734 scriptori
817 3660 1006 3736 probabiliter
1039 3662 1197 3723 attribuere
1230 3664 1297 3722 mihi
1331 3665 1431 3724 videor

290 3769 415 3840 iniquum
437 3765 573 3824 iudicium
594 3764 629 3822 de
652 3763 800 3822 Demetrio
822 3762 937 3834 factum,
971 3762 1047 3835 quod
1080 3764 1158 3823 locos
1189 3765 1254 3824 illos
1285 3765 1431 3838 praeeedit

291 3865 392 3944 (verba
415 3851 460 3924 οἷν
482 3866 606 3930 ἐκεῖνος
629 3868 713 3937 squ),
746 3865 824 3929 item,
847 3880 920 3936 quae
941 3865 1027 3936 paulo
1047 3869 1115 3923 ante
1137 3865 1173 3924 de
1195 3866 1325 3926 Corinthi
1345 3879 1429 3936 prae-

290 3970 362 4029 sidio
394 3973 531 4040 corrupto
562 3967 703 4039 leguntur.
758 3964 820 4035 Qua
841 3979 905 4022 cum
927 3981 958 4022 re
991 3966 1141 4038 quoniam,
1173 3983 1246 4041 quae
1274 3983 1297 4023 c.
1323 3963 1358 4020 15
1393 3964 1429 4023 de

291 4071 420 4144 Sicyonis
442 4074 471 4126 et
494 4065 625 4125 Corinthi
647 4066 717 4125 duce
740 4066 949 4138 corrumpendo
979 4072 1066 4139 atque
1094 4068 1129 4125 de
1150 4066 1268 4126 alternis
1288 4065 1431 4125 Demetrii

291 4179 320 4230 et
341 4169 498 4230 Ptolemaei
518 4167 600 4224 minis
632 4166 837 4240 postulatisque
859 4167 1051 4240 inveniuntur,
1075 4166 1197 4240 quodam
1219 4164 1305 4225 modo
1327 4164 1430 4224 cobae-

361 4367 381 4434 1)
399 4365 433 4419 ct
459 4364 529 4418 vitae
547 4359 638 4430 Agidis
655 4368 681 4415 et
705 4360 861 4433 Cleomenis,
889 4365 916 4419 in
944 4361 1037 4433 quibos
1065 4361 1237 4418 decubantis
1262 4357 1431 4417 Plutarchum

290 4456 403 4525 plurima
422 4471 454 4509 ex
472 4445 613 4523 Phylarchi
633 4449 749 4504 historiis
768 4449 886 4506 hausisse
904 4452 973 4504 inter
990 4466 1080 4506 ornnes
1097 4454 1207 4504 constat
