3250 5109
706 428 852 520 Ar„

211 631 303 702 possit
324 624 435 701 (lustin.
458 627 535 698 XVI,
565 627 602 698 l).
647 629 728 700 Quod
750 631 775 688 si
796 632 978 700 conceditur,
1012 649 1047 690 ex
1079 633 1178 692 cedern
1212 633 1292 696 fonte
1313 635 1349 696 de

213 731 296 789 rebus
318 730 510 789 Macedonicis
531 728 689 789 Pausanias
711 727 781 807 (lX,
806 734 832 804 7,
847 725 879 809 3)
902 731 1012 804 hausit,
1047 751 1131 809 quem
1161 737 1251 807 magis
1283 754 1346 796 curn

213 830 313 890 Iustini
335 847 419 906 quam
441 847 504 888 curn
525 830 672 892 Plutarchi
694 833 834 892 relatione
855 835 1018 892 consentino
1040 835 1242 896 intelleximus.

684 1064 878 1075 ...u--m-—o-

468 1230 525 1295 52.
560 1233 609 1285 De
628 1223 820 1289 Philochoro
839 1234 872 1282 et
889 1232 1095 1285 Demochare.

297 1362 399 1422 Restat
420 1377 477 1422 uon
498 1378 588 1434 parva
609 1361 751 1434 Demetrii
771 1362 848 1420 vitae
869 1377 937 1432 pars
959 1363 1109 1433 complexa
1130 1379 1178 1421 res
1200 1368 1230 1421 et
1248 1360 1349 1422 narra-

214 1463 354 1521 tiunculas
376 1462 538 1522 aDiodoro
560 1480 616 1523 non
638 1463 767 1543 traditas,
790 1478 861 1536 quas
881 1478 1041 1523 memorare
1063 1462 1123 1521 fere
1144 1464 1237 1522 minus
1258 1467 1349 1524 cuius·

211 1560 282 1621 libet
303 1579 399 1622 rerum
422 1565 569 1636 scriptoris
591 1566 728 1624 interesse
751 1565 893 1639 oportuit,
923 1581 1008 1638 quam
1041 1580 1156 1638 eorum,
1190 1564 1239 1636 qui
1260 1564 1348 1623 Athe-

211 1664 324 1723 nienses
346 1668 430 1721 erant
451 1669 501 1723 aut
521 1665 550 1723 in
572 1664 657 1724 rebus
679 1666 766 1738 gestis
781 1663 977 1724 describendis
1000 1658 1123 1726 maxime
1144 1682 1251 1738 eorum,
1275 1683 1349 1739 qnae

211 1765 248 1824 ad
269 1763 401 1824 Athenas
422 1765 614 1838 pertinebant,
648 1764 791 1824 habebant
811 1768 961 1827 rationem.
1015 1766 1110 1840 Atque
1129 1769 1253 1841 primum
1274 1768 1349 1841 apud

211 1865 398 1925 Plutarchum
420 1866 648 1929 Philochori
668 1866 788 1941 vestigia
810 1875 885 1940 sunt,
907 1870 956 1940 qui
978 1869 1020 1927 vir
1043 1869 1145 1928 nobilis
1166 1868 1350 1928 Atheniensis

212 1966 365 2040 diligenter
386 1968 503 2040 scripsit
524 1966 684 2042 Atthidem,
717 1970 796 2027 cuius
828 1986 864 2028 ex
888 1973 925 2026 17
947 1969 1029 2027 libris
1049 1966 1182 2028 undecim*
1203 1969 1349 2029 historiam

211 2069 348 2141 temporis
371 2071 519 2141 scriptoris
541 2071 643 2142 ipsius
660 2070 941 2143 comprehendebant
962 2069 1017 2144 (01.
1043 2070 1109 2147 115,
1123 2073 1254 2143 3-129,
1267 2073 1300 2140 3)
1325 2073 1347 2142 ).

211 2171 320 2228 Notum
344 2176 387 2228 est
408 2170 498 2229 virum
520 2173 632 2244 patriae
655 2172 886 2245 amantissimum,
909 2176 941 2231 ut
962 2172 1092 2232 Athenae
1113 2172 1223 2231 liberae
1244 2178 1349 2240 essent,

211 2276 371 2343 exoptasse,
397 2250 515 2345 cumque
536 2273 702 2332 Demetrius
723 2272 900 2333 Poliorcetes
929 2272 1037 2333 civibus
1057 2275 1116 2331 suis
1141 2274 1264 2347 speciem
1285 2278 1348 2331 tan-

210 2378 272 2430 tum
293 2371 434 2430 libertatis
456 2371 625 2444 praeberet,
659 2373 782 2432 maximo
804 2373 870 2432 odio
893 2390 958 2432 eum
979 2378 1161 2446 persecutum
1170 2366 1206 2448 ²),
1229 2372 1350 2447 eundem

210 2471 246 2532 ab
269 2471 414 2548 Antigono
438 2473 559 2546 Gonata,
583 2474 658 2548 quod
680 2473 847 2534 Ptolemaeo
869 2473 1058 2547 Philadelpho
1081 2475 1199 2533 nimium
1232 2473 1349 2541 faveret,

207 2569 390 2634 'interfectum
413 2591 475 2635 csse
496 2572 533 2646 (a.
559 2572 632 2649 261)
660 2574 682 2650 ).

280 2675 377 2746 Quod
399 2677 422 2734 si
444 2676 599 2749 quaeritur,
623 2694 695 2749 quae
716 2676 903 2743 Plutarchus,
925 2693 989 2735 cum
1011 2676 1123 2749 saepius
1143 2676 1173 2733 in
1195 2676 1260 2734 vitis
1280 2678 1350 2736 scri-

213 2775 313 2834 bendis
334 2776 498 2836 Philochori
519 2777 637 2838 Atthide
660 2783 792 2839 uteretur
802 2771 837 2851 4),
860 2779 890 2836 in
914 2777 1053 2838 Demetrii
1075 2779 1134 2837 vita
1148 2793 1184 2835 ex
1200 2793 1235 2835 ea
1255 2794 1349 2850 sump-

202 2878 289 2950 serit,
322 2879 445 2950 primum
478 2878 520 2936 illi
541 2881 675 2951 scriptori
708 2896 743 2938 ea
775 2874 944 2950 vindico⁵),
978 2896 1051 2951 quac
1084 2895 1108 2936 c.
1131 2881 1169 2935 2ss
1202 2865 1289 2948 (τότε
1312 2910 1349 2918 -
1442 2930 1446 2937 .

212 2969 334 3047 odoia)
357 2977 393 3037 de
415 2978 563 3039 Demetrio
583 2966 728 3053 mysteriis
749 2978 891 3038 initiando
914 2979 1059 3053 leguntur.
1083 2978 1154 3038 (lum
1175 2978 1250 3036 enim
1264 2978 1350 3038 Diod.

210 3080 275 3152 XX,
302 3082 359 3138 110
382 3096 416 3138 ea
437 3097 483 3139 res
505 3081 547 3138 ita
568 3080 756 3154 describatur,
786 3087 932 3151 tamquam
954 3081 977 3138 si
1000 3096 1057 3138 una
1079 3078 1126 3138 die
1148 3079 1276 3150 legitima
1296 3081 1350 3138 ini·
1466 3064 1470 3087 ¹

209 3160 214 3171 ο

210 3183 294 3241 tiatio
316 3182 450 3240 uniuersa
471 3179 550 3266 facta¹
569 3184 615 3254 sit,
636 3179 824 3242 aPlutarcho
838 3181 964 3254 singulos
985 3183 1074 3239 sacris
1095 3179 1228 3260 initiandi
1250 3184 1348 3254 partes

211 3283 320 3357 seiungi
342 3284 484 3343 neminem
505 3282 595 3357 fugit,
618 3301 681 3343 eum
703 3287 798 3342 autem
822 3281 1025 3342 Philochorum
1053 3286 1199 3355 auctorem
1220 3286 1350 3340 secutum

211 3398 273 3442 esse
295 3383 379 3442 docet
400 3385 591 3458 Harpocratio
613 3399 636 3441 s.
658 3402 683 3442 v.
718 3370 970 3449 aasaoarcaror:
1007 3370 1198 3459 Φιλόχορος
1221 3375 1275 3455 (z
1295 3378 1350 3455 ing.

214 3485 271 3539 148
293 3482 466 3559 edMuell.)
490 3482 574 3562 ἐντῇ
598 3473 729 3562 δεκάτῃ·
753 3469 832 3563 „Ta
855 3469 929 3562 ispa)
950 3468 1051 3549 οὗτος
1074 3479 1127 3559 (sc.
1145 3475 1346 3559 Δημήτριος)

213 3576 327 3641 ἀδικεῖ
346 3573 462 3654 πάντα,
486 3576 529 3645 τά
552 3605 586 3644 τε
601 3571 748 3661 postera
771 3582 828 3643 καὶ
851 3568 894 3641 τά
917 3571 1105 3641 ἐποπτικά.“
1154 3576 1223 3641 Καὶ
1244 3570 1349 3640 πάλιν·

212 3678 408 3762 ,Δημητρίῳ
431 3683 489 3761 μὲν
511 3673 570 3746 οὖν
593 3674 681 3744 ἴδιόν
703 3706 734 3744 τι
759 3683 886 3760 ἐγένετο
919 3672 1012 3761 παρὰ
1034 3669 1113 3749 τοὺς
1135 3671 1278 3749 ἄλλους,
1311 3667 1349 3739 τὸ

281 3882 300 3949 1)
318 3879 441 3934 noller
457 3881 478 3951 r,
497 3856 674 3937 nunnoni?

283 3967 302 4035 ²)
321 3965 479 4037 Mulieri,
499 3967 638 4023 LXXXIV
657 3982 695 4034 sq.

280 4056 300 4123 3)
322 4055 446 4110 Suidas
464 4070 485 4109 s.
503 4071 528 4109 v.
549 4051 713 4127 Φιλόχορος.

263 4142 299 4209 ,1)
318 4142 452 4212 Fricke,
478 4142 705 4209 Ualcrsacbaopea
722 4141 783 4194 ater
802 4144 843 4195 alic
863 4143 964 4205 Qccellea
987 4142 1028 4192 cles
1046 4140 1193 4194 Plutarchus
1210 4142 1245 4192 im
1262 4141 1351 4193 Nicias

210 4232 263 4284 aad
280 4229 434 4297 Alcibiades,
453 4230 526 4299 hips.
546 4227 621 4298 1869,
640 4246 666 4298 p.
685 4228 720 4282 22
737 4234 764 4284 et
781 4228 822 4283 95.
860 4228 892 4281 K.
911 4228 962 4281 Fr.
982 4228 1159 4292 Hermann,
1186 4226 1263 4281 index
1290 4226 1350 4282 lest.

210 4319 345 4386 Morburg.
366 4315 446 4388 1836,
476 4336 502 4387 p.
521 4318 546 4370 5.
578 4315 605 4369 0.
624 4316 857 4385 Wachsmuth,
885 4317 933 4368 liic
952 4317 1026 4369 stadt
1044 4317 1127 4369 Attea
1144 4318 1179 4368 im
1198 4316 1350 4380 alteratam,

212 4405 288 4472 Lips-
307 4405 379 4467 1874,
398 4404 420 4467 l,
438 4404 498 4471 436,
519 4409 570 4459 not.
589 4403 613 4457 1.
634 4403 693 4470 614,
710 4409 764 4459 not.
783 4403 809 4457 4.

281 4491 300 4560 ⁵)
319 4492 392 4547 idern
409 4491 526 4547 fecerunt
545 4497 606 4547 onte
625 4506 666 4545 me
686 4492 831 4561 Droysen
850 4490 882 4562 (1,
891 4490 950 4561 511,
969 4496 1022 4546 not.
1032 4489 1077 4559 89)
1096 4495 1120 4545 et
1138 4490 1231 4559 Haug
1250 4491 1284 4560 (p.
1298 4490 1349 4559 74).
