3250 5109
791 429 883 518 ei„

243 637 320 708 rent,
342 648 377 692 ea
397 637 426 691 et
446 633 509 705 ipsa
522 629 685 702 Phylarcho
707 628 850 687 adiudicat.
885 629 984 700 Neque
1005 627 1082 686 aliud
1104 632 1199 688 statuo
1221 628 1256 687 de
1277 628 1381 701 iniquis

243 734 364 804 iudiciiS,
387 749 505 806 quaec.
530 734 567 788 14
600 718 732 801 (ἄλλως
762 760 796 771 -
831 721 981 803 γυναιξὶν
1011 735 1040 788 61
1069 714 1209 800 τοιαύτη
1231 725 1289 803 μὲν
1307 730 1381 803 sqq.)
1418 782 1420 787 .

243 841 273 893 et
297 835 334 892 52
358 836 401 904 (16
425 850 480 906 quo
502 833 598 891 omnia
614 832 673 890 eius
695 847 759 890 esse
781 846 882 889 censeo
903 832 1108 910 pancisquae
1128 847 1156 901 p.
1177 832 1195 887 6
1216 846 1259 903 sq.
1277 830 1380 889 Hiero·

242 950 327 1006 nymo
349 933 539 1002 attribuimus,
572 937 601 990 et
623 932 788 1005 sententiis,
824 948 895 1005 qnae
915 931 1012 1004 potius
1035 929 1182 990 Plutarchi
1203 930 1293 1003 ipsius
1313 931 1379 1002 sint,

242 1035 384 1109 exceptis)
407 1035 443 1093 de
465 1034 613 1093 Demetrio
633 1030 712 1092 faeta
734 1038 810 1091 sunt.
1113 1031 1115 1034 '

323 1135 482 1194 Praeterea
504 1152 538 1193 ex
560 1136 609 1204 eis,
631 1150 705 1207 quae
726 1149 813 1206 snpra
834 1133 869 1191 de
891 1133 1018 1197 ratione¹
1036 1136 1066 1190 et
1093 1135 1197 1190 natura
1225 1128 1382 1203 Phylarchi
1467 1174 1470 1183 .

241 1237 427 1296 historiarum
449 1235 575 1295 breviter
597 1235 802 1304 disseruimus,
834 1233 882 1305 616
903 1228 1020 1290 dubium
1042 1231 1111 1289 mihi
1132 1237 1192 1302 est,
1226 1232 1295 1304 quin
1315 1230 1382 1289 inde

242 1339 300 1396 sint
320 1342 445 1413 sumpta,
464 1353 538 1412 qnae
559 1335 597 1395 ad
618 1334 728 1393 animos
749 1332 965 1392 commovendus
987 1333 1144 1405 composita
1165 1347 1189 1388 e.
1212 1333 1229 1388 9
1252 1331 1288 1389 de
1311 1329 1381 1389 Ora·

243 1437 365 1509 tempoli,
388 1454 413 1495 c.
440 1440 477 1494 17
500 1436 536 1494 de
558 1437 678 1494 victoria
702 1435 737 1493 ab
760 1433 941 1493 Aristodemo
963 1433 1108 1502 nuntiata,
1132 1449 1156 1490 c.
1180 1431 1218 1490 53
1240 1433 1276 1490 de
1297 1431 1381 1490 Anti-

242 1539 310 1612 goni
331 1537 463 1598 Gonatae
494 1539 572 1595 luctu
594 1536 686 1608 deque
710 1530 1210 1607 6666616661116611666611).
1252 1531 1381 1604 Denique

243 1656 268 1697 c.
289 1641 423 1708 41—44,
456 1640 485 1694 in
507 1636 607 1710 quibus
631 1636 667 1694 de
688 1635 869 1709 expeditione
890 1651 908 1693 a
929 1635 1077 1692 Demetrio
1100 1635 1130 1691 ln
1152 1632 1296 1691 Aetoliam
1317 1649 1379 1691 sus-

241 1745 326 1813 cepta
346 1737 386 1812 (a.
412 1737 497 1808 289),
520 1737 556 1795 de
579 1736 779 1807 simultatibus,
803 1752 875 1808 quae
897 1734 989 1793 eidem
1011 1751 1074 1792 eum
1096 1733 1209 1806 Pyrrhe
1232 1737 1323 1804 amnt,
1345 1732 1380 1791 de

241 1841 374 1911 ratione,
407 1856 463 1912 qua
494 1838 659 1897 Demetrius
689 1852 815 1911 eregno
848 1834 1037 1895 Macedonico
1069 1835 1177 1892 eiectus
1209 1838 1254 1892 est
1286 1835 1380 1904 (Maio

241 1956 337 1999 mense
359 1957 385 1999 a.
409 1933 494 2017 281),
517 1941 621 2013 agitur,
645 1938 746 2011 quibus
767 1935 854 1995 rebus
874 1938 963 2010 gestis
984 1937 1124 2009 plurimae
1146 1934 1381 1994 narratiunculae

242 2045 271 2100 et
291 2041 389 2114 iniqua
409 2040 516 2098 iudicia
538 2039 572 2098 de
594 2038 741 2096 Demetrio
772 2035 849 2096 facta
871 2038 980 2095 inserta
1001 2041 1079 2108 sunt,
1112 2041 1141 2095 et
1162 2038 1227 2109 ipsa
1247 2053 1283 2095 ex
1304 2035 1380 2108 Phy-

240 2141 331 2200 larchi
352 2141 478 2200 historiis
499 2141 591 2213 petita
613 2156 674 2198 asse
696 2139 776 2198 nobis
790 2131 914 2207 videri²)
937 2155 972 2195 ex
993 2137 1043 2210 eis,
1065 2153 1138 2211 quae
1160 2151 1256 2210 supra
1270 2139 1313 2212 (p.
1331 2138 1379 2209 32,

314 2475 332 2543 ¹)
352 2475 440 2530 Etiam
459 2493 482 2530 c.
501 2474 535 2530 38
562 2475 659 2546 συνέβη
677 2465 730 2547 γάρ
749 2490 805 2544 sqq.
824 2475 859 2529 ad
876 2475 1053 2544 Phylarchum
1071 2490 1253 2530 revocaturum
1271 2475 1383 2545 quodam
1407 2474 1413 2491 '¹

239 2561 315 2617 modo
332 2564 418 2618 verbis
437 2559 472 2628 ὥς
489 2569 554 2615 turus
572 2569 598 2618 et
615 2566 721 2635 λέγουσι
739 2568 895 2633 commotus,
913 2563 959 2618 sed
977 2564 1063 2618 nescio
1080 2578 1115 2617 an
1132 2563 1290 2630 Hieronymo
1307 2564 1381 2618 attri-

238 2649 341 2704 buenda
358 2651 393 2704 sit
411 2665 442 2704 ea
459 2651 594 2704 narratio=
621 2650 643 2703 si
662 2648 766 2718 quidem
784 2656 854 2704 recte
880 2650 1000 2704 observat
1017 2649 1120 2704 Reuss
1140 2649 1257 2720 (p.·138)
1284 2651 1381 2706 eisdem

241 2735 296 2790 fere
314 2735 400 2790 uerbis
417 2752 474 2791 eam
490 2739 559 2805 App.
577 2738 636 2807 Syr.
656 2754 678 2792 c.
696 2737 800 2792 59-61
819 2737 894 2806 madi,
921 2737 989 2792 idem
1018 2737 1056 2806 (p.
1077 2736 1126 2791 147
1144 2737 1220 2792 6143
1239 2736 1309 2806 sqq.)
1327 2738 1381 2806 Ap-

239 2823 344 2891 pianum
361 2823 387 2876 in
405 2823 484 2878 rebus
506 2824 585 2890 gestis
610 2824 723 2892 Syriacis
749 2825 900 2879 enarrandis
917 2825 1030 2881 maxime
1047 2824 1231 2893 Hieronymum
1248 2829 1380 2879 auctorem

238 2914 354 2966 secutum
377 2925 441 2965 esse.

309 2997 329 3068 ²)
349 2996 477 3065 Quoniam
493 3003 579 3053 autem
596 3014 654 3052 cum
680 2998 754 3052 Dem.
773 3014 795 3051 c.
813 2997 856 3063 41,
874 2995 918 3068 43,
935 2996 970 3050 44
996 3001 1088 3064 aperte
1113 3002 1258 3064 congruunt
1284 2998 1378 3067 Pyrrh.

240 3103 261 3141 61
283 3086 298 3139 7
317 3081 465 3158 Δημήτρως
483 3089 529 3158 μὲν
548 3098 604 3154 sqq.
624 3084 675 3139 -8
693 3076 741 3136 τὸν
758 3075 933 3156 Ἀλέξανδρον,
952 3100 974 3137 6.
989 3083 1022 3137 10
1035 3076 1115 3158 ὀλίγῳ
1134 3115 1167 3124 -
1185 3082 1240 3139 fere
1258 3083 1383 3159 διαγωνί-

240 3175 398 3242 cooduc‚c.
418 3173 450 3227 11
473 3173 564 3225 ταῦτα
582 3164 651 3247 πρὸς
668 3203 702 3213 -
720 3176 817 3245 ἔρημον
834 3177 861 3225 et
877 3168 963 3244 τάχει
990 3201 1024 3210 -
1051 3171 1126 3225 (112
1153 3162 1221 3242 crede
1237 3165 1379 3244 α’λλήλους,

240 3259 304 3316 haec
322 3266 349 3316 et
365 3263 423 3330 ipsa
441 3277 473 3315 ex
491 3259 634 3329 Phylarchi
660 3261 777 3315 historiis
797 3264 900 3327 sumpta
918 3274 975 3313 esse
992 3263 1088 3313 statue.
1132 3259 1180 3314 Cui
1196 3260 1312 3328 opinioni
1329 3276 1381 3315 non

238 3347 332 3418 obstat,
351 3348 419 3417 quod
437 3347 614 3418 Phylarchum
642 3349 669 3401 in
697 3352 812 3402 extrema
839 3345 934 3414 Pyrrhi
956 3346 1010 3399 vita
1035 3376 1070 3385 —
1098 3346 1215 3401 amedie
1233 3348 1287 3402 fere
1305 3363 1327 3400 c.
1346 3348 1380 3401 26

238 3448 320 3501 usque
337 3435 370 3488 ad
388 3436 456 3490 vitae
474 3434 553 3489 finem
572 3435 615 3504 (cf.
634 3437 740 3503 praeter
758 3433 825 3488 alios
842 3433 964 3487 Mdller
980 3433 1001 3495 l,
1020 3432 1134 3486 LXXXI
1153 3438 1180 3487 et
1198 3434 1378 3490 Mlillemei·

238 3526 304 3574 ster
324 3538 349 3589 p.
367 3520 401 3575 21
420 3538 492 3591 sqq.;
520 3536 604 3590 nuper
622 3536 683 3575 vero
700 3522 808 3577 Reuss
827 3536 853 3588 p.
875 3519 926 3574 142
944 3534 1001 3588 sqq.
1020 3519 1152 3574 contendit
1170 3535 1187 3573 a
1206 3535 1228 3573 c.
1248 3521 1282 3575 29
1301 3535 1381 3590 usque

238 3607 272 3660 ad
290 3606 369 3661 linem
385 3607 563 3663 Plutarchum
589 3609 634 3663 ex'
649 3609 806 3678 Hieronymo
833 3606 961 3674 hausisse)
987 3636 1030 3676 -‚
1057 3606 1102 3660 ubi
1127 3607 1263 3662 Plutarchi
1289 3614 1380 3663 auctor

237 3694 318 3748 fuisse
335 3694 391 3748 fere
407 3700 522 3765 putatur,
551 3696 666 3765 iniquius
696 3696 727 3751 de
744 3695 844 3765 Pyrrho
870 3693 999 3748 161166666
1025 3694 1155 3762 quispiam
1183 3694 1266 3764 dicat;
1293 3712 1379 3766 neque

237 3782 306 3836 enim
324 3781 367 3835 his
385 3780 482 3836 iudicia
499 3799 534 3837 ex
551 3783 644 3853 Pyrrh.
669 3799 691 3838 e.
711 3782 796 3837 7-12
824 3781 929 3836 1661616
956 3780 1128 3849 refragantur.
1173 3783 1241 3838 Nam
1257 3783 1311 3839 illic
1327 3800 1380 3839 non

237 3869 424 3939 praedicantur
441 3870 493 3923 nisi
509 3869 604 3939 Pyrrhi
620 3870 731 3939 insignis
748 3868 873 3925 fortitudo
905 3869 1068 3938 impetusque
1084 3869 1111 3922 in
1128 3869 1224 3938 proelio
1241 3876 1269 3924 et
1285 3870 1378 3940 gloria,

237 3972 315 4024 quam
334 3959 373 4011 eis
390 3956 531 4012 virtutibus
549 3957 598 4012 sibi
615 3959 756 4025 paraverit,
783 3961 921 4025 praeterea
939 3955 1068 4024 celeritas,
1094 3957 1189 4026 vultus,
1216 3963 1301 4014 motus
1318 3959 1377 4013 Ale-
1466 3998 1475 4012 .

240 4044 334 4100 xandri
350 4044 459 4100 similes.
495 4045 532 4099 At
548 4044 721 4099 mansuetudo
738 4045 908 4113 Epirotarum
925 4043 1009 4113 regis,
1029 4058 1095 4111 quae
1111 4050 1276 4115 memoratur,
1295 4046 1380 4114 qualis
1394 4044 1398 4053 “

241 4133 329 4203 luerit,
347 4133 424 4187 facile
441 4146 581 4201 cognoscas
599 4147 632 4186 ex
649 4148 672 4187 c.
690 4134 733 4199 11,
757 4131 825 4185 unde
843 4135 953 4199 apparet
969 4145 1027 4184 eam
1045 4148 1097 4185 non
1115 4132 1254 4203 sinceram,
1282 4132 1327 4186 sed
1344 4133 1378 4188 ad

240 4221 268 4274 id
286 4219 371 4275 solum
389 4219 556 4289 compositam
574 4217 669 4290 fuisse,
697 4225 726 4274 ut
750 4218 821 4273 fama
847 4218 1017 4272 humanitatis
1041 4217 1164 4273 adversus
1182 4220 1299 4288 captivos
1316 4235 1379 4276 suae

241 4308 372 4376 divulgata
383 4306 509 4362 Demetrii
527 4304 623 4361 milites
641 4305 675 4361 ad
690 4321 778 4375 regem
791 4305 964 4362 deserendum
981 4305 1139 4375 impelleret,
1159 4321 1226 4375 qnae
1246 4323 1288 4362 res
1300 4308 1377 4364 etiam

241 4393 335 4450 clarior
346 4410 377 4451 ee
389 4394 427 4460 fit,
445 4394 513 4464 quod
523 4393 639 4464 Pyrrhus
656 4392 736 4450 falsos
747 4394 931 4461 simulatosque
940 4392 1096 4449 Macedones
1113 4395 1141 4449 in
1158 4394 1274 4449 hostium
1290 4402 1377 4450 castra

241 4481 342 4537 misisse
358 4481 452 4537 dieitur
469 4481 612 4538 aduersarii
631 4482 722 4553 copias
738 4482 767 4539 in
784 4496 845 4541 suas
856 4485 946 4551 partes
963 4480 1139 4536 traducturus.
1157 4481 1273 4538 Tantum
1290 4488 1376 4539 autem

1247 4577 1261 4614 3
1266 4575 1280 4602 ὓ
