3250 5109
790 453 825 507 31

569 748 584 807 5
603 741 629 796 3.
665 744 713 793 De
732 742 887 803 Polyaeni
905 742 1058 794 tontibus.

325 867 436 941 Restat,
458 875 499 941 ut,
522 869 682 943 exquibus
705 867 832 927 fontibus
861 870 890 927 iu
913 869 954 926 eis
975 869 1059 927 rebus
1081 866 1118 926 ab
1142 857 1302 928 Alexandri
1321 888 1387 930 suc·

240 971 400 1029 sessoribus
432 972 535 1044 gestis,
565 986 638 1042 quae
671 970 726 1028 huo
757 970 920 1041 pertinent,
952 969 1121 1026 enarrandis
1149 967 1312 1042 Polyaenus
1334 987 1386 1031 sua

243 1072 408 1142 sumpserit,
429 1071 624 1142 anquiramus.
648 1070 738 1141 Quem
752 1085 819 1127 curn
840 1070 897 1126 iam
912 1067 1112 1127 Woelfflin
1126 1066 1148 1140 ¹)
1170 1071 1260 1141 partis
1276 1085 1385 1141 eorum,

241 1185 317 1240 quae
338 1169 374 1228 de
394 1168 540 1244 Antigono
564 1177 593 1228 et
614 1169 745 1227 Eumene
767 1168 875 1226 tradita
899 1172 981 1239 sunt,
1012 1166 1218 1240 Hieronymum
1240 1174 1386 1228 auctorem

242 1275 374 1328 secutum
394 1286 457 1328 esse
478 1272 639 1344 suspicatus
662 1271 708 1345 sit,
731 1269 807 1328 idem
829 1269 865 1326 de
888 1273 972 1340 parte
994 1284 1102 1335 eorum,
1126 1284 1199 1339 quaa
1220 1269 1239 1325 l.
1255 1267 1303 1337 IV,
1328 1272 1387 1327 c.7

240 1374 273 1428 et
295 1373 312 1428 9
334 1371 370 1429 de
391 1372 540 1431 Demetrio
562 1372 716 1444 leguntur,
740 1365 888 1426 affirmare
917 1383 973 1426 nou
997 1367 1104 1426 dubito.
1153 1367 1282 1426 Primum
1312 1369 1388 1427 euim

242 1469 330 1529 etde
352 1473 545 1531 serierernm
578 1477 607 1528 et
638 1468 675 1527 de
704 1469 822 1542 singulis
844 1485 867 1528 c.
893 1470 920 1538 9,
933 1471 962 1524 2.
986 1469 1053 1526 3.5
1090 1483 1154 1525 cum
1185 1469 1387 1543 11111149,

241 1571 319 1645 quod
340 1571 518 1643 Hieronymo
540 1570 730 1640 attribuimus,
765 1585 849 1641 quam
871 1569 994 1627 maxime
1014 1571 1211 1638 consentiunt3
1244 1568 1281 1627 ci.
1303 1568 1389 1629 Deru.

242 1687 267 1729 c.
296 1674 336 1730 49
373 1670 649 1753 ἐπιφανέντος-
673 1662 792 1744 ἀπῆγεν
820 1686 885 1728 oum
915 1670 1052 1741 Polyaen.
1086 1684 1111 1726 o.
1135 1671 1208 1740 9,2,
1244 1670 1328 1728 Deru.
1350 1671 1390 1729 ib.

242 1766 336 1831 ἔνθα
352 1769 463 1846 μέντοι
478 1804 518 1812 -
530 1768 741 1845 μεθίσταντο
765 1763 830 1828 cum
853 1787 876 1826 1.
900 1771 928 1841 9,
942 1770 970 1834 3,
992 1769 1074 1826 Deru.
1090 1768 1128 1826 ib.
1148 1755 1335 1845 Δημήτριος
1352 1803 1387 1812 -

244 1859 424 1950 πρόθυμοι
447 1890 512 1931 cum
533 1890 559 1931 c.
583 1874 611 1947 9,
626 1874 653 1929 5.

329 1973 452 2045 Deinde,
476 1990 549 2046 quae
572 1988 597 2030 1.
621 1974 647 2042 7,
669 1973 687 2028 8
710 1970 746 2028 de
769 1969 909 2029 Corintho
931 1986 949 2027 a
970 1970 1118 2029 Demetrio
1140 1977 1226 2043 capta
1246 1972 1389 2044 leguntur,

246 2079 279 2130 ut
301 2081 330 2132 et
350 2078 414 2148 ipsa
435 2092 470 2133 ex
489 2073 659 2145 Hieronymi
680 2071 800 2129 historia
823 2077 935 2143 sumpta
957 2072 1031 2144 sint,
1055 2068 1118 2129 lieri
1139 2077 1250 2144 potest,
1284 2072 1308 2129 11
1330 2074 1391 2144 qui·

245 2171 311 2231 dem
332 2176 419 2233 Diod.
441 2176 515 2243 XX,
549 2175 604 2231 103
634 2189 743 2246 quoque
772 2173 875 2230 11111111
902 2169 1080 2244 quorundam
1107 2173 1213 2232 auxilio
1243 2171 1392 2231 Demetrio

245 2274 344 2334 urbem
365 2279 476 2335 intrare
497 2276 610 2333 licuisse
632 2275 757 2332 traditur
779 2278 807 2330 et
821 2273 936 2345 portula
951 2278 1200 2330 commemoratur.
1234 2273 1294 2332 Nec
1310 2274 1392 2346 quid·

245 2389 330 2443 quam
352 2376 457 2446 obstat,
481 2377 630 2447 quominus
652 2373 773 2431 eundem
803 2374 846 2430 rei
868 2388 894 2429 1.
918 2374 936 2428 7
941 2375 977 2444 ,3
1007 2378 1185 2432 memoratae
1209 2371 1319 2430 iontem
1341 2391 1393 2446 po·

244 2489 365 2552 namus,
401 2491 465 2532 cum
491 2474 613 2533 Diodori
635 2473 714 2544 (XX,
741 2471 813 2542 102)
846 2471 937 2530 verba
967 2461 1086 2537 ννκτός
1109 2470 1308 2546 ἐπιθέμενος
1330 2490 1391 2549 sqq.

242 2577 274 2628 et
297 2573 333 2633 de
355 2577 487 2634 universa
510 2592 543 2634 re
565 2581 594 2635 11
616 2574 652 2632 de
674 2574 792 2646 singulis
815 2571 983 2646 quibusdam
997 2589 1061 2631 cum
1083 2572 1132 2632 illo
1154 2573 1217 2632 loco
1232 2575 1302 2632 11111
1325 2591 1392 2633 con-

233 2679 364 2742 gruant.
422 2677 466 2734 Ne
498 2693 534 2734 ea
558 2676 691 2749 quidem,
725 2690 799 2746 quae
828 2692 852 2731 o.
876 2675 936 2746 7,6
963 2673 1004 2743 ,de
1035 2675 1166 2747 ratione,
1199 2691 1255 2748 qua
1286 2677 1393 2735 Deme-

223 2766 317 2826 trias
346 2774 469 2840 primam
499 2776 710 2846 expeditionem
742 2775 873 2833 Athenas
906 2772 1025 2848 fecerit,
1066 2775 1265 2846 inveniuntur,
1298 2778 1394 2849 inepte

197 2867 426 2938 Hieronymo
447 2873 654 2931 attribuuntur.
697 2874 772 2932 Nam
798 2881 831 2932 ut
852 2892 871 2933 a
890 2875 1046 2932 Plutarcho
1075 2868 1171 2948 (Deru,
1195 2891 1218 2931 c.
1242 2877 1260 2931 8
1283 2876 1337 2947 sq.)
1366 2881 1395 2934 et

171 2967 377 3046 Diodoro
402 2970 481 3044 (XX,
504 2970 573 3046 45),
604 2975 646 3031 ia
667 2991 684 3032 a
706 2974 853 3044 Polyaeno
883 2974 1049 3031 Demetrius
1070 2974 1260 3032 Athenienses
1287 2972 1392 3035 libera·

159 3083 319 3154 ffarus
349 3084 418 3129 1111
440 3073 547 3131 dicitur
568 3078 597 3131 et
616 3074 848 3147 proclamationis
869 3075 930 3130 eius
952 3073 1057 3131 mentio
1079 3071 1120 3130 fit.
1163 3072 1244 3132 Adde
1266 3074 1343 3146 quod
1365 3081 1394 3134 et

224 3170 447 3236 Plutarcho
469 3178 499 3232 et
520 3191 537 3233 a
558 3174 705 3247 Polyaeno
726 3174 848 3245 primum
868 3173 1009 3231 Demetrii
1031 3188 1119 3231 naves
1141 3170 1214 3232 falso
1237 3175 1394 3240 Ptolemaei

159 3272 424 3360 sistimatas
447 3290 517 3348 esse,
540 3275 712 3335 Phalereum
729 3292 747 3334 a
763 3273 918 3332 Cassandri
938 3272 1069 3346 partibus
1090 3275 1211 3345 stetisse,
1234 3273 1395 3334 Athenien·

159 3412 190 3461 3
243 3371 541 3454 proclamatione
564 3377 679 3450 cognita
700 3377 839 3448 Antigoni
868 3373 958 3433 filiurn
979 3375 1127 3446 excepisse
1149 3374 1291 3448 traditum
1326 3376 1394 3448 quin

159 3493 283 3559 2111
325 3472 370 3527 in
398 3473 486 3533 illius
506 3476 602 3535 verbis
623 3472 767 3553 προνοίᾳ
795 3461 1004 3552 χρησάμενος
1034 3476 1131 3534 nescio
1161 3491 1198 3533 an
1226 3476 1394 3549 copiosioris

159 3571 427 3660 sationis,
454 3591 541 3645 quarn
562 3576 609 3634 hic
631 3576 762 3643 servavit,
786 3577 940 3648 vestigium
962 3577 1039 3634 insit.

238 3673 395 3751 Quod
426 3679 534 3732 antem
555 3675 731 3750 Polyaenum
754 3691 801 3734 res
831 3676 895 3735 illas
926 3691 962 3733 ex
983 3674 1154 3747 Hieronymi
1177 3674 1298 3735 historia
1319 3679 1393 3750 peti-

236 3773 383 3843 milri
415 3779 573 3850 persuasi,
596 3777 672 3836 idem
696 3793 754 3836 uon
777 3776 911 3835 11111111
932 3777 989 3848 eis,
1020 3792 1092 3848 quae
1117 3794 1141 3835 c.
1166 3777 1225 3846 7‚7
1254 3775 1290 3835 de
1316 3777 1393 3836 bello

159 3904 184 3964 ί
192 3904 251 3952 0
302 3877 527 3948 reguntur:
551 3879 581 3935 in
603 3877 704 3951 quibus
718 3877 859 3950 Polyaeni
873 3878 1000 3936 narratio
1015 3893 1033 3935 a
1047 3876 1174 3936 Diodoro
1196 3883 1226 3936 et
1240 3876 1394 3938 Plutarcho

159 4007 249 4064 ,ῃ
307 3978 539 4046 discrepat.

339 4107 438 4119 -—.-.

191 4115 338 4138 f-

164 4136 376 4256 jporya
385 4169 471 4228 em·
498 4175 665 4242 strategicon
682 4173 785 4236 11111,
804 4173 844 4228 eu.
862 4174 896 4226 n.
915 4174 1103 4244 Woelfflin,
1122 4176 1196 4245 urps.
1215 4175 1285 4232 raso
1301 4175 1394 4247 pxn

674 4380 969 4389 ...μ-...ἠῴ-
