3250 5109
800 418 817 472 5

237 610 327 671 tenda
347 609 443 683 luerit,
467 620 605 686 quantum
620 616 712 674 eidem
733 632 849 690 pugnae
863 617 998 675 momenti
1013 615 1184 684 tribuerint3
1207 617 1379 687 quinetiam

238 712 275 771 de
296 712 422 783 ducibus,
445 715 494 785 qui
514 715 591 786 regis
613 731 715 774 nornen
737 716 914 788 usurparint,
938 717 1128 774 consentiunt.
1237 762 1239 766 .

322 811 392 871 Post
412 814 518 871 bellum
541 813 676 887 Cyprium
697 817 727 873 in
754 821 876 888 utraque
906 816 1047 875 relatione
1080 814 1177 884 (Dem.
1198 833 1223 874 1.
1250 817 1379 887 191-22,

238 911 323 972 Diod.
344 912 416 983 XX,
446 916 582 983 73-70,
606 917 746 990 81-88,
771 914 928 983 91-100)
956 913 1100 986 expeditio
1122 914 1158 972 ab
1179 913 1328 987 Antigono
1350 916 1381 972 in

238 1013 406 1085 Aegyptum
426 1012 504 1071 11111
532 1021 560 1072 11
587 1014 692 1072 hellam
716 1015 818 1074 Rhodo
849 1013 959 1072 illatum
972 1012 997 1083 ¹)
1031 1014 1073 1071 ita
1103 1019 1315 1084 memorantur,
1348 1024 1381 1073 ut

238 1129 420 1171 communem
442 1113 477 1171 de
498 1114 542 1172 his
563 1115 648 1172 rebus
670 1115 780 1173 fontem
806 1113 963 1173 Plutarcho
992 1118 1022 1172 et
1042 1113 1171 1172 Diodoro
1198 1111 1283 1173 fuisse
1305 1130 1382 1172 com·

240 1213 325 1286 plura
356 1214 518 1272 ostendant.
575 1213 705 1287 Uterque
736 1216 812 1272 enim
844 1219 926 1272 terra
958 1215 1086 1286 marique
1117 1213 1313 1273 Ptolemaeum
1345 1214 1381 1273 ab

239 1312 388 1385 Antigono
409 1312 485 1383 bello
513 1314 678 1372 lacessitum
704 1330 783 1386 esse,
815 1314 961 1385 copiarum
990 1315 1173 1373 terrestrium
1190 1315 1380 1388 Antigonum,
1474 1314 1477 1319 '

237 1413 337 1471 classis
351 1411 529 1471 Demetrium
550 1411 637 1472 fuisse
653 1416 762 1484 ducem,
783 1413 860 1471 hunc
874 1414 1054 1484 tempestatis
1069 1413 1096 1471 vi
1118 1419 1147 1472 et
1167 1411 1299 1473 fluctibus
1314 1431 1382 1473 con-

239 1513 335 1571 citatis
355 1514 550 1585 periclitatum
572 1530 636 1572 esse
658 1515 745 1586 dicit3
778 1514 854 1571 idem
883 1515 963 1572 navis
985 1529 1003 1571 a
1024 1511 1107 1570 Phila
1129 1514 1232 1571 missae
1252 1514 1383 1573 similiter

171 1648 174 1653 -
240 1615 413 1672 mentionem
434 1612 543 1672 fuciunt
557 1614 778 1686 machinamque,
799 1629 872 1686 quae
897 1614 1034 1686 helepolis
1047 1613 1213 1685 vocabatur,
1236 1615 1383 1686 ingentem

240 1714 429 1785 omnibusque
449 1713 593 1785 prioribus
614 1714 750 1772 maiorem
772 1712 860 1771 fuisse
889 1714 1024 1785 tradunt;
1056 1714 1123 1785 quin
1151 1715 1238 1771 etiam
1260 1715 1383 1772 laterum

239 1812 318 1871 hasis
341 1813 402 1871 eius
422 1813 571 1886 longitudo
594 1815 662 1872 satis
688 1818 882 1888 congruenter
903 1829 921 1871 a
942 1812 1072 1871 Diodoro
1095 1813 1216 1871 circiter
1244 1815 1384 1886 quinqua·

242 1904 331 1983 ginta,
354 1927 372 1969 1
394 1910 549 1973 Plutarcho
570 1912 869 1988 duodequinquagiuta
889 1912 1051 1972 cubitorum
1072 1909 1159 1971 fuisse
1180 1913 1293 1971 dicitur.
1347 1906 1352 1915 '

326 2011 488 2083 Sequuntur
517 2012 593 2085 apud
622 2019 774 2085 utrumque
803 2014 974 2084 scriptorem
1003 2010 1097 2083 (Dcm.
1119 2028 1143 2070 1.
1166 2012 1289 2071 23-28
1311 2015 1384 2083 init,

232 2109 328 2170 Diod.
350 2112 417 2187 XX,
443 2116 510 2184 100,
534 2116 602 2185 102,
630 2116 696 2183 103,
722 2114 899 2182 106-113)
923 2112 1069 2185 expeditio
1088 2127 1190 2171 recens
1206 2109 1385 2173 aDcmetrio

241 2213 271 2269 iu
294 2211 445 2272 Graeciam
466 2219 599 2286 suscepta
619 2220 648 2273 et
669 2231 716 2273 res
736 2230 825 2286 usque
851 2212 890 2272 ad
917 2228 1045 2286 pugnam
1075 2212 1150 2285 apud
1181 2211 1279 2285 Ipsum
1308 2232 1385 2273 ccm-

177 2377 178 2380 Ἴ
215 2373 218 2377 ,
242 2306 358 2372 missam
381 2319 487 2386 gestae.
509 2314 553 2372 Ac
567 2329 604 2372 ne
619 2314 654 2372 de
673 2314 717 2372 his
739 2312 852 2385 quidem
872 2327 991 2384 prorsus
1013 2311 1123 2384 desunt,
1147 2330 1221 2385 quae
1235 2319 1386 2387 utrumque

241 2413 342 2472 eodem
364 2419 481 2472 auctore
503 2429 585 2470 usum
606 2427 669 2471 esse
691 2412 824 2483 probent.
868 2409 971 2467 Tradit
990 2414 1111 2481 uterque
1132 2409 1263 2484 Sicyonis
1284 2419 1386 2484 captae

241 2512 335 2571 locum
356 2518 496 2570 mutatum
522 2518 552 2572 et
572 2512 673 2571 urbem
689 2513 804 2570 nomine
819 2513 967 2568 immutato
982 2509 1196 2568 Demetriadem
1211 2513 1386 2585 appellatam

171 2680 185 2697 Ἣ
240 2610 340 2681 (Dem.
363 2631 389 2672 c.
412 2615 461 2682 25,
486 2614 573 2673 Diod.
594 2631 619 2672 c.
646 2612 729 2684 102),
760 2609 955 2680 Demetrium,
976 2614 1010 2668 ut
1030 2623 1066 2668 ex
1088 2609 1209 2670 Graecia
1235 2613 1266 2670 in
1286 2613 1386 2673 Asiam

171 2738 173 2743 ·
201 2788 204 2795 Ι
242 2727 273 2769 11
295 2709 453 2787 conferret,
475 2713 628 2772 adductum
650 2729 711 2772 esse
733 2728 781 2779 eo,
813 2711 890 2783 quod
919 2711 969 2769 alii
996 2726 1079 2783 reges
1107 2711 1244 2771 adversus
1272 2719 1386 2787 patrem

171 2808 175 2875 ὲ
240 2812 468 2884 conspirasseut;
500 2815 569 2885 quin
590 2814 685 2884 etiam,
709 2812 785 2886 quod
804 2809 950 2870 Diodorus
971 2810 1010 2880 (c.
1035 2811 1092 2866 103
1115 2809 1175 2883 ex.)
1205 2811 1387 2872 Orchomeno
1438 2799 1440 2802 ⁵

171 2888 182 2941 Γ
203 2974 206 2981 ,
244 2914 331 2984 capta
352 2911 465 2968 urbium
485 2913 631 2986 praesidia
645 2917 675 2970 11
689 2912 809 2971 11111111
829 2913 992 2984 propinqua
1006 2927 1107 2983 parum
1122 2897 1236 2970 fortiter
1250 2913 1387 2972 restitisse

171 3026 175 3061 τ
243 3015 273 3068 11
294 3011 442 3070 Demetrio
464 3011 541 3069 ultro
570 3028 600 3070 se
622 3012 735 3070 dedisse
756 3011 862 3082 refert,
897 3010 989 3068 simile
1011 3011 1079 3082 quid
1101 3011 1177 3083 apud
1199 3010 1386 3071 Plutarchum

173 3096 176 3101 ’
242 3108 282 3183 (1.
305 3113 345 3168 25
367 3107 445 3187 1111.)
465 3113 581 3186 legitur.
702 3190 703 3194 Ἰ

176 3224 180 3295 j
326 3211 370 3269 De
393 3213 496 3270 ceteris
511 3211 652 3271 Demetrii
667 3212 743 3270 vitae
763 3209 895 3284 partibus
909 3209 1030 3270 Diodori
1050 3212 1217 3269 narratione
1237 3212 1386 3269 rarissime

173 3328 184 3375 1,
242 3312 285 3368 uti
305 3311 381 3382 11111,
404 3313 470 3384 quia
490 3311 668 3371 1111111111
688 3317 800 3370 tantum
822 3328 881 3370 non
902 3317 978 3370 totus
991 3311 1085 3384 periit.
1114 3312 1269 3371 Videamus
1289 3313 1385 3386 igitur,

171 3394 179 3469 'r'
242 3425 316 3480 quae
338 3413 440 3469 similia
457 3413 551 3477 ¹insint
571 3412 600 3470 in
622 3411 707 3470 Dem.
730 3427 754 3468 c.
777 3413 918 3486 28-53,
937 3412 978 3469 -in
1004 3410 1107 3484 quibus
1137 3411 1289 3484 depugna
1310 3411 1387 3482 apud

171 3496 180 3567 J
243 3509 340 3580 Ipsum
361 3514 521 3583 commissa,
545 3513 579 3571 de
601 3510 685 3571 rebus
706 3512 735 3569 in
759 3512 882 3571 Graecia
904 3517 934 3570 et
955 3512 984 3568 in
1005 3511 1177 3571 Macedonia
1196 3527 1215 3570 1
1236 3510 1387 3570 Demetrio

171 3612 177 3671 ἱ
243 3609 339 3680 gestis,
361 3609 397 3667 de
413 3612 593 3685 expeditione
614 3610 650 3669 ab
673 3627 706 3668 eo
724 3613 759 3682 in
773 3611 872 3670 Asiam
894 3616 1038 3687 suscepta,
1060 3611 1095 3670 de
1111 3616 1241 3670 extrema
1259 3610 1387 3670 eiusdem

171 3748 173 3752 ψ
244 3711 304 3769 sita
325 3710 429 3784 agitur,
452 3712 624 3785 comparatis
651 3711 709 3770 illis
737 3728 801 3769 cum
828 3707 1005 3784 paucissimis
1032 3711 1200 3786 fragmentis
1222 3728 1238 3770 e
1258 3711 1344 3772 Diod.
1366 3712 1386 3768 l.

311 4003 333 4071 1)
354 4002 421 4056 Olim
441 4017 562 4056 assensus
579 4002 740 4074 Muelleri
762 4003 880 4071 opinioni
908 4002 949 4071 (F.
968 4002 1003 4054 H.
1021 4001 1053 4054 G.
1072 4001 1107 4066 II,
1127 4000 1251 4055 460111.
1270 3999 1385 4076 31111-

171 4134 190 4169 1,
244 4090 310 4144 trud.
329 4089 364 4144 ad
381 4087 670 4157 Pseudocallistheuem,
690 4107 716 4157 p.
735 4089 789 4159 23),
815 4089 958 4144 Diodorum
983 4093 1088 4157 praeter
1111 4101 1283 4154 communem,
1311 4098 1386 4151 quem

171 4206 179 4243 ς.
245 4183 401 4241 statuemus,
415 4175 512 4232 fontem
527 4174 605 4230 etiam
617 4175 749 4230 Zenonem
760 4176 892 4230 Rhodium
908 4175 935 4228 iu
952 4173 998 4229 illo
1015 4172 1086 4229 bello
1097 4173 1244 4229 enarrando
1255 4177 1387 4225 auctorem

171 4276 188 4335 ;Ι
245 4269 363 4318 secutum
382 4278 449 4333 esse,
476 4260 529 4317 iam
546 4261 684 4316 Reussii
708 4265 744 4329 (p.
764 4263 815 4315 122
832 4259 900 4328 sqq.)
925 4261 1080 4314 sententiam
1104 4259 1237 4329 praefero,
1264 4273 1315 4325 qua
1332 4263 1387 4313 tota

195 4422 197 4427 k
244 4350 352 4405 Diodori
370 4349 510 4418 descriptio
522 4364 554 4402 ex
572 4364 623 4403 uno
642 4347 686 4401 illo
704 4347 784 4417 fonte,
795 4347 842 4414 qui
860 4353 939 4402 autea
957 4346 1092 4400 adhibitus
1106 4337 1152 4415 sit,
1172 4345 1267 4400 dicitur
1284 4350 1388 4413 sumpta

243 4452 307 4492 csse.
