3250 5109
240 581 336 640 acrius
356 583 523 650 persecutus
543 578 708 635 temeritate
729 578 878 634 victoriam
907 578 1067 649 perdidisse
1089 577 1208 649 dicitur,
1242 580 1381 639 attribue-

239 696 313 754 mus,
334 680 401 751 quia
423 684 453 736 et
474 677 609 736 iudicium
629 675 708 734 istud
723 676 842 734 liberius
866 676 988 748 quidem,
1010 678 1062 736 sed
1082 680 1144 735 sine
1159 678 1317 739 acerbitate
1338 681 1380 753 fit,

240 786 269 839 et
289 779 372 837 simul
393 778 516 846 additur,
531 793 617 850 quam
628 777 778 855 praeclare
788 776 865 834 idem
877 776 935 834 dux
947 781 1034 835 autea
1054 779 1212 849 proeliatus
1235 778 1281 836 sit.
1309 778 1380 838 (lum
1474 837 1476 841 .

238 882 329 954 igitur
359 880 430 937 locis
465 882 642 951 postremum
673 877 771 935 allatis
804 875 981 951 effecerimus
1012 877 1219 950 Hieronymum
1251 895 1314 949 res,
1350 885 1383 938 ut

239 981 335 1039 factae
357 983 448 1049 erant,
471 977 634 1047 tradidisse,
656 978 786 1035 neritia
818 975 934 1048 quidem
962 978 1103 1038 Demetrii
1130 984 1263 1051 artesque
1291 980 1384 1037 minus

241 1079 332 1140 bonas
354 1079 441 1152 plane
462 1078 665 1147 dissimularit,
699 1077 768 1135 licet
789 1077 977 1141 verecundius
1002 1094 1066 1136 eum
1087 1077 1319 1152 reprehenderit3
1353 1079 1384 1137 id

241 1180 318 1253 quod
339 1196 375 1238 ex
395 1178 440 1236 his
463 1179 532 1236 locis
554 1177 740 1249 intellegitur,
763 1175 864 1249 quibus
883 1180 1057 1250 comparatis
1079 1179 1163 1237 simul
1184 1184 1383 1251 argumentum

242 1272 400 1341 communis
423 1277 510 1336 fontis
532 1293 549 1335 a
573 1276 728 1336 Plutarcho
749 1283 779 1336 et
799 1278 928 1337 Diodoro
949 1278 1069 1338 adhibiti
1090 1296 1193 1338 norum
1214 1279 1321 1339 habes:

279 1415 363 1474 Dem.
401 1416 467 1472 c.2
507 1401 681 1484 σχολάζων
716 1406 817 1488 αερὶ’
881 1413 966 1471 Diod.
982 1414 1049 1482 XX,
1072 1415 1109 1470 92
1134 1400 1224 1470 κατά
1244 1409 1304 1487 μὲν
1325 1401 1383 1484 τήν

237 1500 369 1580 Ιυότους
390 1511 446 1571 καὶ
463 1502 598 1594 τρυφάς
616 1509 673 1570 καὶ
697 1507 788 1569 διαί·
841 1498 969 1588 εἰρήνην
1004 1512 1037 1568 ἐν
1068 1509 1200 1586 μέθαις
1235 1505 1384 1588 διέτριβε

245 1632 309 1682 τας
333 1601 592 1691 ἁβροβιώτατος
614 1606 787 1688 βασιλέων,
814 1655 816 1694 Ι
840 1608 898 1668 καὶ
921 1608 1116 1684 συμποσίοις
1131 1607 1266 1681 ἔχουσιν
1280 1598 1384 1688 ὀρχή-

247 1703 464 1793 ἐνεργότατον
505 1698 549 1770 αὖ
590 1701 688 1770 πάλιν
731 1710 789 1770 καὶ
814 1698 816 1746 ¹
841 1723 908 1777 σεις
930 1708 988 1769 καὶ
1009 1701 1162 1786 κυάμους,
1183 1708 1240 1768 καὶ
1263 1704 1301 1768 τό
1325 1699 1384 1770 σά-

246 1805 486 1897 σφοὸρότατον
531 1798 570 1871 τά
614 1810 686 1889 περὶ
728 1800 788 1878 τάς
813 1752 816 1864 ¹
840 1807 936 1867 νολον
958 1797 1073 1882 ἐζήλου
1087 1797 1144 1882 τήν
1160 1807 1383 1885 μυθολογου-

246 1902 385 1992 ιιράξεις
421 1910 591 1984 ἐνδελεχὲς
625 1905 695 1983 εἶχε
731 1909 789 1971 καὶ
813 1941 816 1979 p
840 1909 937 1985 μένην
951 1907 1030 1968 ποτὲ
1048 1908 1213 1985 γενέσθαι
1228 1902 1299 1968 κατ’
1326 1904 1384 1968 άν-

164 2062 168 2083 ,
249 2002 470 2092 δραστήριον*
497 2001 516 2091 ᾗ
550 2011 607 2072 καὶ
643 2001 789 2088 μάλιστα
813 1985 817 2055 ¹
841 1997 1007 2084 θράσους
1030 2008 1092 2069 τοῦ
1112 2001 1280 2068 Διονύσου
1303 1999 1384 2068 διά-

203 2188 206 2193 .
246 2109 312 2172 τῶν
333 2112 427 2173 θεῶν
449 2102 566 2187 ἐζήλου
588 2100 645 2172 τὸν
667 2102 788 2174 Διόνυ-
813 2085 816 2174 ¹
842 2107 951 2180 irrora,
973 2094 1066 2167 κατὰ
1080 2104 1118 2166 δὲ
1130 2094 1210 2176 τούς
1222 2106 1386 2184 πολέμους

163 2274 165 2281 ,
245 2228 312 2291 σον,
335 2208 379 2282 oin
401 2212 531 2292 πολέμῳ
562 2235 597 2273 τε
630 2213 788 2293 χρῆσθαι
812 2202 815 2271 ¹
842 2195 974 2285 ἐνεργὸς
1005 2195 1043 2281 ήν
1074 2206 1131 2268 καὶ
1153 2203 1273 2291 νήφων,
1303 2196 1386 2268 ὥστε

245 2303 438 2373 δεινότατον
468 2305 594 2390 εἰρήνην
623 2334 658 2372 τε
680 2302 789 2382 αὖθις
813 2304 815 2363 ¹
840 2302 934 2387 παρά
954 2298 1081 2375 πάντας
1102 2295 1183 2375 τους
1205 2310 1385 2386 ἐργατευο-

245 2415 282 2473 ἐκ
308 2410 455 2487 πολέμου
477 2413 606 2496 τρέψαι
628 2405 789 2492 καὶπρὸς
813 2434 815 2471 ι
840 2408 959 2483 μένους
976 2395 1154 2481 ἐναγάνιον
1165 2407 1385 2486 παρέχεσθαι

164 2590 167 2597 ¹
244 2503 452 2596 εὐφροσύνην
484 2511 540 2572 καὶ
563 2502 668 2590 χάριν
690 2515 789 2589 ἑμμε-
812 2478 815 2600 ¹
842 2497 880 2567 τά
905 2505 1000 2582 σῶμα
1021 2505 1078 2566 καὶ
1101 2492 1157 2578 τήν
1179 2496 1303 2590 ψυχήν.

813 2613 815 2637 Ι

243 2611 410 2671 λέστατον.

328 2762 518 2833 Quamquam,
563 2767 591 2822 si.
618 2766 734 2837 quidem
773 2772 853 2824 recte
891 2780 979 2836 supra
1022 2760 1063 2834 (p.
1101 2761 1150 2831 10)
1190 2762 1387 2821 contendimus

243 2860 355 2929 saepius
377 2855 467 2916 fontis
490 2861 577 2919 verba
598 2879 616 2919 a
638 2862 793 2922 Plutarcho
815 2868 927 2920 mutata
948 2878 1019 2936 esse,
1041 2861 1088 2918 uix
1110 2858 1173 2915 fieri
1193 2865 1296 2930 potest,
1318 2863 1386 2933 quin

242 2958 298 3029 ipsi
312 2954 343 3031 ¹),
374 2973 430 3014 nou
453 2959 646 3034 Hieronymo,
678 2962 855 3020 acerbiorem
887 2975 986 3017 vocem
1018 2946 1153 3036 τρυφάς
1185 2958 1385 3031 attribuamus

242 3059 347 3130 quippe
369 3074 441 3130 quae
464 3060 540 3130 apud
562 3061 720 3120 Diodorum
752 3078 809 3119 uon
840 3060 1022 3130 inveniatur3
1058 3072 1150 3129 neque
1182 3058 1267 3117 aliter
1297 3075 1323 3116 c.
1348 3061 1385 3115 19

240 3144 376 3238 τρυφάς
398 3191 438 3203 -—
460 3154 577 3241 ἕνήςοε,
600 3179 655 3234 quo
678 3163 741 3220 loco
760 3165 823 3219 toto
844 3163 957 3217 tantum
979 3173 1022 3232 ea,
1046 3172 1118 3228 quae
1140 3159 1195 3215 c.2
1220 3159 1391 3224 invenimus,

240 3259 341 3316 iterari
366 3260 508 3317 neminem
537 3260 625 3334 fugit,
659 3260 826 3319 vocabulum
858 3260 952 3331 primo
983 3258 1046 3316 loco
1076 3258 1199 3331 positum
1229 3258 1386 3317 Plutarcho

241 3359 295 3431 ipsi
317 3359 499 3419 tribuendum
523 3362 587 3418 erit.
903 3348 906 3357 ’
1070 3348 1072 3353 ’

171 3536 175 3549 ἱ
323 3461 384 3517 Iam
408 3476 485 3526 vero,
509 3477 581 3532 quae
595 3460 703 3518 iudicia
725 3460 815 3519 libere
835 3462 865 3518 et
885 3465 996 3535 aperte,
1017 3459 1086 3517 lieet
1107 3456 1247 3531 breviter,
1279 3458 1386 3516 Hiero·

239 3577 354 3632 nymum
376 3561 411 3618 de
431 3561 579 3620 Demetrio
602 3560 703 3619 fecisse
723 3561 879 3633 posuimus,
900 3561 1014 3617 minime
1037 3558 1164 3616 cumeis
1187 3553 1387 3615 confundenda

239 3664 314 3730 sunt,
338 3676 411 3730 quae
433 3660 468 3718 de
491 3661 591 3720 eodem
613 3661 807 3732 copiosissime
829 3665 859 3717 et
879 3657 940 3719 fere
955 3659 1080 3731 maligne
1100 3655 1179 3714 facta
1199 3657 1229 3713 in
1244 3657 1384 3714 Demetrii

315 3865 334 3934 ¹)
354 3864 488 3934 Similiter,
507 3866 530 3918 si
548 3866 608 3934 quis
626 3866 697 3920 dicat
713 3881 734 3919 c.
748 3864 783 3918 34
800 3864 938 3931 rationem,
957 3877 1009 3928 qua
1028 3861 1180 3914 Demetrius
1196 3859 1224 3913 in
1241 3859 1344 3913 theatro
1361 3874 1390 3913 se

163 3976 167 3985 ·
245 3952 358 4019 gessisse
376 3952 487 4013 dicutur,
506 3952 721 4020 magnificentius,
741 3967 820 4019 quam
839 3957 868 4004 ut
880 3949 1038 4016 Hieronymo
1056 3947 1165 4001 attribui
1181 3945 1271 4014 possit,
1290 3945 1389 3999 descri-

242 4044 315 4107 ptam
332 4053 396 4105 esse,
409 4037 599 4091 dubitationem
618 4039 656 4092 ita
674 4039 766 4093 tollere
784 4039 850 4092 mihi
866 4037 964 4104 uideor,
983 4041 1012 4088 ut
1024 4032 1154 4088 vocabula
1172 4025 1259 4102 άσιιερ
1278 4032 1302 4082 oi
1320 4049 1389 4099 τρα-

242 4123 325 4195 γῳδοί
343 4140 359 4179 a
377 4123 520 4179 Plutarcho
538 4122 626 4178 addita
649 4139 705 4178 esso
723 4126 850 4193 suspicer.
879 4153 912 4161 -
940 4123 1062 4176 Ceterum
1080 4120 1160 4174 verba
1178 4124 1335 4186 ιατὲστήσευ
1356 4146 1388 4156 -

241 4199 319 4281 ἦσαν,
338 4224 406 4278 quae
433 4209 513 4264 naulo
539 4217 598 4263 ante
625 4210 804 4275 inveniuntur,
834 4210 937 4264 Grote
965 4210 1079 4275 (History
1097 4208 1127 4272 o!
1142 4208 1249 4273 Graece,
1276 4203 1390 4258 Londini

243 4296 320 4353 1870,
347 4295 409 4364 XII,
427 4295 489 4362 210)
516 4296 585 4349 male
608 4284 796 4364 interpretatus
822 4303 863 4350 est
891 4299 1014 4363 ,μιαιοίιιρ
1040 4298 1078 4347 bis
1105 4312 1160 4345 οιιν
1186 4298 1234 4356 (sc.
1253 4292 1389 4358 Demetrii)

242 4382 341 4446 suendo
360 4401 390 4434 us
408 4383 594 4451 maqistrotes,“
615 4399 674 4437 cum
692 4382 850 4438 Plutarchus
869 4384 900 4438 de
919 4384 1009 4450 populi
1027 4384 1117 4436 amicis
1134 4382 1266 4448 loquatur.
