3250 5109
738 450 885 534 ,ἐξ

567 744 582 804 5
602 736 627 792 3.
664 740 712 789 De
730 738 886 799 Polyaeni
904 739 1056 791 tontibus.

323 863 434 937 Restat,
456 871 497 937 ut,
521 865 681 938 exquibus
703 863 830 924 fontibus
859 867 889 924 in
911 866 953 923 eis
973 866 1058 925 rebus
1080 863 1117 924 ab
1140 854 1300 926 Alexandri
1319 886 1384 928 sue-

238 967 398 1025 cessoribus
431 968 533 1039 gestis,
564 982 637 1038 quae
670 965 725 1025 huc
755 967 918 1037 pertinent,
950 966 1119 1024 enarrandis
1147 965 1310 1039 Polyaenus
1332 985 1384 1028 sua

241 1067 407 1138 sumpserit,
428 1067 623 1138 anquiramus.
646 1067 736 1137 Quem
751 1082 817 1124 cum
838 1067 894 1124 iarn
910 1064 1110 1124 Woelfflin
1124 1063 1146 1138 ¹)
1168 1069 1259 1139 partis
1275 1083 1383 1139 eorum,

239 1181 315 1238 quae
336 1165 372 1224 dc
393 1165 539 1239 Antigono
562 1173 591 1224 et
613 1166 743 1224 Eumene
765 1165 873 1224 tradita
897 1169 979 1238 sunt,
1009 1164 1216 1237 Hieronymum
1239 1172 1384 1225 auctorem

241 1271 372 1324 secutum
393 1281 455 1324 esse
477 1268 638 1339 suspicatus
660 1268 706 1341 sit,
729 1266 805 1324 idem
827 1265 863 1323 de
887 1270 970 1338 parte
992 1281 1101 1332 eornm,
1124 1281 1197 1336 quae
1218 1266 1237 1323 l.
1253 1264 1301 1335 IV,
1326 1282 1350 1324 c.
1368 1270 1385 1324 7

240 1371 271 1424 et
293 1369 310 1424 9
333 1367 368 1426 de
389 1367 539 1427 Demetrio
561 1369 715 1441 leguntur,
739 1363 886 1423 affirmare
914 1381 972 1423 non
995 1363 1102 1423 dubito.
1151 1364 1280 1423 Primum
1311 1367 1386 1425 enim

241 1473 272 1526 et
293 1468 328 1526 de
350 1468 424 1526 serie
446 1483 544 1525 rerum
576 1473 605 1525 et
636 1466 673 1524 de
702 1466 820 1540 singulis
842 1483 866 1524 c.
891 1467 918 1535 9,
931 1468 960 1522 2.
984 1466 1051 1523 3.5
1087 1481 1151 1522 cum
1184 1465 1264 1523 Dem.
1287 1483 1311 1525 c.
1336 1469 1385 1539 49,

241 1567 318 1640 quod
338 1567 517 1638 Hieronymo
538 1567 728 1637 attribuimus,
762 1583 847 1638 quam
869 1567 992 1624 maxime
1012 1568 1209 1634 consentiunt3
1242 1565 1279 1624 cf.
1301 1566 1386 1626 Dem.

242 1683 267 1725 c.
295 1669 334 1724 49
372 1665 587 1749 ἐπιφανέντος
609 1698 646 1706 -
671 1659 790 1741 ν’πῆγεν
818 1682 882 1726 cum
913 1666 1050 1739 Polyaen.
1084 1681 1109 1723 c.
1133 1668 1206 1737 9,2,
1243 1667 1326 1725 Dem.
1348 1669 1388 1727 ib.

242 1762 335 1826 ἔνθα
350 1765 461 1842 μέντοι
476 1799 516 1807 -
528 1764 739 1841 μεθίσταντο
763 1759 827 1825 cum
850 1783 874 1823 c.
899 1768 925 1838 9,
940 1767 968 1831 3,
989 1767 1072 1824 Dem.
1088 1765 1126 1823 ib.
1146 1753 1332 1843 Δημήτριος
1350 1800 1385 1809 -

244 1855 422 1945 oporinum
445 1885 509 1927 cum
532 1886 557 1927 c.
582 1870 609 1944 9,
624 1871 651 1926 5.

329 1968 450 2041 Deinde,
474 1986 547 2042 quae
570 1986 594 2026 c.
618 1971 645 2039 7,
666 1971 684 2025 8
708 1967 744 2026 de
766 1966 907 2026 Corintho
930 1984 947 2024 a
968 1966 1116 2026 Demetrio
1138 1974 1223 2040 capta
1245 1969 1387 2041 leguntur,

246 2075 279 2125 ut
300 2075 329 2127 et
350 2072 412 2144 ipsa
433 2088 468 2129 ex
487 2069 657 2142 Hieronymi
678 2069 798 2127 historia
820 2074 933 2140 sumpta
955 2069 1029 2141 sint,
1053 2065 1116 2126 fieri
1137 2075 1247 2142 potest,
1282 2069 1306 2126 si
1328 2070 1389 2141 qui-

243 2168 311 2226 dem
332 2169 417 2230 Diod.
439 2172 513 2239 XX,
547 2171 602 2228 103
631 2186 741 2243 quoque
769 2170 872 2226 civium
900 2166 1078 2240 quorundam
1105 2170 1211 2229 auxilio
1241 2168 1390 2228 Demetrio

243 2270 342 2330 urbem
364 2274 474 2330 intrare
495 2272 608 2329 licuisse
629 2271 755 2329 traditur
776 2275 805 2328 at
818 2269 934 2343 portula
949 2274 1198 2328 commemoratur.
1232 2270 1292 2329 Nec
1308 2271 1390 2342 quid·

244 2387 329 2443 quam
351 2371 455 2440 obstat,
479 2373 627 2442 quominus
650 2371 771 2428 cundem
801 2371 843 2427 rei
866 2385 892 2426 c.
916 2371 933 2424 7
939 2372 975 2440 ,3
1005 2375 1183 2429 memoratae
1206 2368 1316 2428 fontem
1338 2388 1391 2443 po·

244 2487 364 2545 numus,
400 2487 463 2528 cum
489 2470 611 2528 Diodori
633 2469 712 2540 (XX,
739 2468 810 2538 102)
844 2467 935 2527 verba
964 2458 1083 2534 νυκτός
1106 2466 1306 2542 ἐπιθέμενος
1328 2487 1388 2546 sqq.

244 2578 274 2628 et
296 2571 331 2630 de
353 2571 486 2630 universa
508 2587 540 2628 re
562 2576 592 2630 et
614 2570 649 2628 de
671 2570 789 2643 singulis
812 2568 980 2641 quibusdam
994 2585 1058 2627 cnm
1080 2569 1129 2629 illo
1151 2570 1215 2629 loco
1230 2573 1300 2629 satis
1323 2587 1390 2630 con·

246 2675 362 2742 gruant.
419 2673 464 2729 Ne
496 2688 532 2730 ea
556 2671 689 2744 quidem,
723 2687 796 2742 quae
826 2687 850 2727 c.
873 2671 933 2742 7,6
960 2669 1001 2740 vde
1032 2672 1163 2744 ratione,
1196 2689 1252 2744 qua
1284 2673 1390 2732 Deme-

243 2770 316 2825 trius
344 2770 466 2839 primam
496 2772 707 2842 expeditionem
739 2771 870 2829 Athenas
903 2769 1022 2845 fecerit,
1063 2773 1262 2843 inveniuntur,
1295 2775 1392 2846 inepte

245 2868 424 2938 Hieronymo
444 2869 651 2927 attribuuntur.
694 2870 769 2928 Nam
796 2876 829 2928 ut
850 2889 867 2929 a
887 2871 1043 2928 Plutarcho
1072 2865 1168 2945 (Dem.
1192 2888 1215 2929 c.
1240 2874 1257 2928 8
1280 2872 1335 2944 sq.)
1363 2878 1392 2930 et

246 2969 375 3027 Diodoro
400 2968 478 3040 (XX,
501 2967 570 3042 45),
600 2971 643 3027 ita
664 2987 682 3028 a
704 2971 850 3041 Polyaeno
880 2970 1046 3027 Demetrius
1067 2971 1257 3029 Athenienses
1284 2969 1390 3032 libera-

246 3075 329 3127 turus
351 3083 415 3127 esse
437 3069 543 3127 dicitur
565 3075 593 3127 et
613 3070 845 3142 proclamationis
866 3071 927 3127 eius
949 3070 1055 3128 mentio
1076 3067 1117 3127 fit.
1161 3068 1242 3128 Adde
1255 3071 1340 3142 .quod
1362 3078 1392 3130 et

245 3188 264 3229 a
287 3168 444 3228 Plutarcho
466 3175 495 3229 et
517 3187 534 3228 a
555 3171 702 3242 Polyaeno
723 3171 845 3242 primum
865 3169 1006 3228 Demetrii
1029 3185 1116 3227 nares
1138 3167 1211 3228 falso
1234 3171 1392 3238 Ptolemaei

246 3272 422 3330 existimatus
444 3287 514 3343 esse,
537 3270 708 3331 Phalereum
727 3288 744 3329 a
760 3268 915 3329 Cassandri
935 3268 1066 3342 partibus
1087 3271 1209 3341 stetisse,
1231 3269 1392 3330 Athenien·

247 3387 293 3429 ses
313 3372 538 3444 proclamatione
561 3374 677 3446 cognita
698 3373 836 3444 Antigoni
865 3370 955 3429 filium
976 3372 1124 3444 excepisse
1147 3371 1288 3444 traditur;
1323 3373 1392 3444 quin

246 3471 335 3528 etiarn
356 3473 385 3528 in
406 3471 483 3529 illius
504 3470 598 3530 verbis
620 3468 764 3548 προνοίᾳ
792 3454 1001 3549 χρησάμενος
1031 3473 1128 3530 nescio
1158 3487 1195 3530 an
1224 3472 1391 3546 copiosioris

248 3571 431 3639 narrationis,
453 3588 539 3643 quam
560 3572 607 3629 hic
628 3561 759 3640 servavit,
783 3573 937 3645 vestigium
959 3573 1036 3630 insit.

332 3672 412 3744 Quod
435 3678 531 3731 antem
553 3670 729 3745 Polyaenum
751 3687 798 3730 res
829 3673 893 3731 illas
924 3688 959 3730 ex
980 3672 1151 3744 Hieronymi
1174 3671 1296 3732 historia
1316 3675 1390 3747 peti·

246 3768 319 3831 visse
340 3774 411 3830 mihi
433 3775 571 3846 persuasi,
594 3772 670 3833 idern
693 3790 751 3833 non
775 3772 852 3832 valet
873 3773 909 3832 dc
930 3774 987 3845 eis,
1017 3790 1090 3846 quae
1114 3791 1139 3832 ο.
1163 3776 1222 3844 7,7
1251 3773 1287 3832 de
1313 3775 1391 3834 bello

244 3872 354 3946 cyprio
374 3871 525 3945 leguntur:
548 3875 578 3931 in
601 3874 702 3947 quibus
716 3875 856 3947 Polyaeni
870 3875 998 3933 narratio
1013 3889 1030 3932 a
1044 3873 1172 3933 Diodoro
1193 3881 1222 3933 et
1237 3873 1391 3935 Plutarcho

246 3973 364 4030 nimium
385 3973 536 4045 discrepat.

157 4184 159 4193 ·
293 4166 345 4309 3ἐέ
357 4167 485 4236 Polyaeni
503 4170 662 4237 strategicon
679 4169 696 4225 1.
706 4171 782 4234 VIII,
801 4171 841 4226 ed.
859 4171 893 4224 Ε.
912 4170 1100 4241 Woelfflin,
1119 4173 1193 4241 Lips.
1213 4173 1282 4229 1860
1298 4192 1325 4244 p.
1336 4173 1391 4230 ΧΠ

246 4259 276 4308 ct
347 4293 354 4306 .
874 4262 877 4267 ’

671 4376 967 4387 ,dm—.-
