3250 5109
736 437 883 524 Aa„

233 644 267 699 et
288 639 376 697 classe
399 619 503 707 (aare
524 632 582 710 γῆν
602 630 660 692 καὶ
679 630 814 706 aanolu3
840 633 877 691 of.
892 634 975 692 Dem.
992 649 1016 691 e.
1036 637 1073 692 19
1095 640 1124 693 et
1138 633 1223 693 Diod.
1239 635 1306 709 XX,
1323 640 1376 707 73)

238 740 417 812 Antigonum
438 753 496 794 una
517 752 581 794 curn
601 735 661 794 tilio
682 735 846 809 Aegyptum
868 751 1036 808 aggressum
1057 751 1127 810 esse,
1146 736 1197 794 sed
1218 753 1250 795 re
1271 736 1379 795 inlecta

235 855 269 897 se
290 839 432 910 recepisse
455 837 540 906 dioit3
574 836 649 894 idem
670 853 727 893 non
750 824 832 894 secus
853 839 939 905 atque
961 833 1105 894 Diodorus
1136 836 1212 908 apud
1232 837 1379 895 Pelusium

240 945 376 1012 utrasque
398 939 494 1009 copias
514 935 570 994 sibi
590 937 735 1008 oppositas
760 935 848 994 fuisse
869 934 969 993 tradit.
1002 934 1098 1006 Quid?
1119 952 1213 995 nonne
1235 937 1379 1011 indicium,

240 1038 316 1110 quod
343 1037 377 1096 fit
408 1035 504 1096 verbis
533 1030 598 1092 τῶν
623 1030 660 1092 δὲ
680 1029 846 1111 βασιλέων
866 1051 947 1106 squ,
981 1035 1189 1108 quodammodo
1221 1043 1378 1109 auctorem,

239 1141 288 1211 qui
316 1138 352 1197 ab
382 1138 521 1211 Antigoni
550 1138 632 1195 stetit
658 1134 803 1209 partibus,
836 1134 967 1194 indicat?
1009 1137 1112 1209 ltaque
1142 1137 1317 1196 Pausaniam
1344 1138 1381 1196 de

241 1239 416 1313 temporibus
438 1253 525 1311 supra
546 1237 711 1295 memoratis
725 1252 903 1294 communem
917 1235 1037 1294 Diodori
1058 1243 1087 1295 et
1102 1236 1251 1297 Plutarchi
1271 1238 1381 1298 fontem

241 1338 403 1398 adhibuisse
424 1338 472 1396 vix
493 1335 592 1395 dubito
614 1341 748 1393 statuere.
984 1415 986 1423 Ι

323 1439 368 1497 De
388 1438 473 1496 rebus
488 1435 682 1495 Macedonicis
705 1441 801 1494 autern
817 1426 986 1495 Pausanias
998 1437 1063 1508 (IX,
1089 1441 1115 1508 7,
1129 1441 1164 1509 33
1186 1438 1223 1498 cf.
1234 1439 1262 1508 l,
1287 1443 1334 1511 10,
1351 1433 1382 1516 l)

241 1540 414 1614 paucissima
434 1538 529 1597 tradit
550 1552 654 1609 eaque,
678 1553 750 1609 quae
771 1554 830 1596 non
858 1543 917 1595 tam
931 1536 983 1595 ·ad
1012 1535 1162 1596 Plutarchi
1190 1537 1300 1597 fontem
1329 1556 1382 1596 nos
1440 1574 1444 1590 .

241 1643 387 1713 relegant,
423 1656 508 1712 quam
538 1639 576 1696 ad
597 1636 694 1711 Trogi.
750 1636 825 1694 Nam
855 1638 979 1709 primum
1011 1653 1075 1696 cnm
1106 1639 1162 1696 hoc
1182 1640 1323 1711 scriptore
1345 1639 1381 1696 de

241 1757 336 1811 cansa,
361 1739 396 1798 ob
418 1756 504 1810 quam
523 1739 677 1810 Antipater
697 1743 819 1796 matrem
839 1737 991 1815 occiderit,
1023 1741 1187 1799 consentire
1210 1739 1383 1799 Pausaniam

242 1841 347 1900 docent
368 1842 428 1898 eins
449 1837 538 1897 verba
558 1825 767 1914 Ἀλεξάνδρῳ
788 1836 896 1911 νέμειν
911 1838 1009 1899 πλέον
1030 1833 1163 1906 εὐνοίας
1186 1826 1382 1913 αἰτιασάμε-

243 1956 300 2006 uoe
324 1944 492 2013 comparata
524 1956 587 1997 curn
607 1937 807 2014 Iustin.·XVI,
834 1944 859 2013 1,
873 1943 895 1998 2·
905 1968 911 1987 ι
914 1939 1104 2020 propensior
1117 1935 1224 2019 faisse
1245 1934 1386 1998 Aleman-

243 2032 302 2097 clro
323 2033 495 2098 videbatur.
539 2039 661 2097 Accedit
691 2040 766 2112 quod
795 2046 917 2113 uterque
943 2043 1068 2114 scriptor
1088 2042 1269 2100 Demetrium
1297 2041 1387 2098 solum
1448 2072 1450 2076 ·

244 2139 281 2197 ab
303 2139 471 2198 Alexandro
493 2139 660 2196 arcessitum
682 2155 775 2211 neque
803 2140 921 2199 insidias
949 2141 992 2199 illi
1014 2141 1049 2199 ab
1079 2140 1133 2198 hoc
1160 2140 1240 2211 prius
1267 2145 1386 2211 paratas

245 2243 355 2297 narrat.
399 2223 476 2310 Quas
499 2237 535 2297 oh
558 2255 658 2298 causas
679 2256 743 2299 oum
764 2240 800 2299 de
821 2239 909 2300 rebus
923 2241 1116 2300 Macedonicis
1136 2255 1201 2297 non·
1215 2256 1281 2297 eum
1302 2254 1386 2310 quem

245 2337 424 2411 Plutarchus,
448 2341 498 2398 sed
519 2355 602 2412 quem
625 2339 735 2414 'irogus
758 2351 905 2400 auctorem
926 2346 1040 2401 secutus
1063 2357 1123 2400 esse
1144 2340 1303 2399 Pausanias
1316 2339 1388 2397 mihi

246 2440 386 2511 rideatur,
409 2439 477 2498 huic
498 2440 626 2513 opinioni
647 2456 705 2499 non
727 2441 839 2514 obstat,
871 2442 948 2515 quod
976 2443 1050 2501 idem
1080 2448 1113 2500 ut
1133 2440 1275 2500 Diodorus
1304 2437 1389 2509 (XXI

243 2539 300 2614 frg.
324 2544 359 2612 7;
381 2538 416 2597 cf.
438 2558 473 2621 p.¹
492 2542 529 2598 15
551 2541 627 2609 not.)
658 2541 798 2601 Demetrii
827 2559 918 2615 opera
946 2543 1129 2615 Antipatrum
1158 2557 1271 2614 quoque
1299 2542 1390 2598 inter-

245 2639 351 2697 fectum
374 2656 434 2698 esse
456 2643 610 2699 memoriae
629 2643 734 2715 prodit,
758 2634 822 2701 cum
844 2643 920 2715 apud
942 2643 1016 2700 hunc
1038 2643 1208 2714 scriptorem
1222 2640 1389 2699 Alexandro

244 2744 358 2798 mortuo
380 2741 409 2798 id
430 2738 538 2799 factum
561 2757 641 2808 esse,
671 2741 748 2815 apud
776 2744 858 2800 illum
880 2742 1044 2801 Alexander
1071 2743 1133 2814 ipse
1161 2738 1260 2798 fratris
1289 2740 1390 2798 mortis

244 2856 334 2898 causa
354 2838 442 2898 fuisse
463 2841 586 2899 dicatur.
638 2840 816 2914 Quamquam
843 2859 880 2900 ne
909 2860 973 2901 cum
1001 2843 1111 2901 Iustino
1139 2840 1253 2913 quidem
1280 2841 1392 2900 dehac

244 2957 279 2998 re
310 2941 484 3000 Pausaniam
516 2958 675 3014 congruere
708 2943 920 3003 concedendum
955 2949 1009 3002 est.
1067 2943 1158 3013 Quam
1192 2939 1391 2999 difficultatem

245 3041 436 3114 probabiliter
458 3057 503 3100 me
524 3058 674 3100 removere
694 3060 779 3115 posse
801 3041 936 3102 diffiteor.

330 3141 431 3213 Itaque
452 3148 485 3199 ut
506 3141 631 3201 breviter
653 3143 908 3220 comprehendam,
942 3144 1011 3219 quid
1039 3147 1165 3201 statuam
1195 3142 1231 3200 de
1263 3139 1391 3199 fontibus

248 3242 370 3301 istarum
409 3239 571 3300 Pausaniae
609 3243 798 3316 relationum,
839 3243 1048 3317 Hieronymum
1059 3238 1085 3316 ¹)
1125 3247 1270 3302 auctorem
1308 3257 1390 3299 seeu-

249 3346 295 3400 tus
327 3357 390 3400 esse
421 3329 533 3400 videtur
564 3343 599 3401 de
637 3341 724 3401 rebus
763 3359 852 3415 usque
890 3343 928 3402 ad
957 3343 1096 3417 Antigoni
1124 3347 1245 3401 mortem
1285 3341 1391 3414 gestis3

249 3441 300 3500 sed
323 3442 357 3501 de
387 3447 533 3515 tempore,
564 3459 619 3513 quo
647 3442 812 3502 Demetrius
842 3461 960 3519 regnum
990 3442 1207 3502 Macedonicum
1236 3444 1392 3514 occupavit,

250 3542 373 3600 eundem
393 3541 512 3615 fontem,
543 3559 626 3616 quom
648 3545 768 3617 Trogus,
792 3544 922 3604 adhibuit
946 3540 987 3619 (v.
1009 3541 1112 3616 infra);
1135 3544 1246 3602 incerto
1268 3543 1390 3618 denique

250 3647 325 3700 teste
346 3659 412 3701 usus
434 3651 477 3702 est
498 3643 533 3702 de
554 3660 585 3703 re
606 3651 784 3718 postremum
805 3663 915 3705 memor
933 3650 972 3705 ta.

323 3908 341 3976 ¹)
360 3908 418 3962 Iam
435 3909 467 3962 F.
486 3908 512 3963 S.
531 3908 591 3962 Chr.
610 3909 731 3976 Konig,
751 3907 783 3962 de
794 3908 943 3962 Pausaniae
954 3905 1007 3960 tide
1019 3911 1047 3960 et
1057 3846 1213 3962 auo‘toritate
1232 3944 1286 3974 ...,
1303 3904 1390 3960 Berol.

253 3993 328 4064 1832,
355 4013 382 4065 p.
402 3995 434 4049 13
452 4011 491 4063 sq,
519 4010 578 4050 eum
605 4001 737 4051 auctorem
764 3994 910 4050 Pausaniae
937 4009 994 4050 esse
1019 3998 1147 4050 statuerat
1172 3994 1205 4048 de
1230 3991 1308 4048 rebus
1333 3999 1394 4060 post

253 4082 400 4137 Alexandri
417 4090 525 4137 mortem
543 4084 632 4149 gestis.
658 4081 732 4136 Idem
749 4079 872 4136 iudicavit
890 4083 920 4136 Ο.
938 4081 1133 4146 Pfundtner,
1152 4081 1202 4134 Die
1218 4079 1392 4134 hhtorischen

254 4169 366 4236 Quellen
383 4169 428 4225 des
446 4169 598 4232 Pausanias,
616 4171 644 4223 in
662 4168 876 4225 Fleckeiseni
895 4170 1039 4239 annalibus,
1060 4167 1137 4237 1869,
1155 4184 1181 4236 p.
1200 4166 1252 4222 452
1270 4181 1327 4236 sqq.
