3250 5109
746 410 893 501 ‘Ai—

330 612 411 682 Quas
432 627 478 669 res
492 610 649 671 Plutarcho
667 628 708 683 ¹ex
728 614 817 684 copiis
837 612 960 670 lectione
980 613 1096 676 assidua
1116 617 1226 686 paratis
1246 624 1396 690 promptas
1444 631 1447 635 ·

244 710 334 771 fuisse
355 728 497 784 ponemus
518 712 652 771 similiter
683 728 718 771 ac
749 718 863 786 partem
883 727 984 770 vocum
1006 729 1196 788 versuumque
1217 733 1253 775 ex
1273 721 1395 792 scripto·

246 812 327 871 ribus
350 815 503 886 pactisque
523 813 714 887 laudatorum,
738 829 781 883 ea,
803 828 924 884 quaec.
949 816 963 869 1
988 819 1018 871 et
1039 817 1078 874 32
1101 831 1137 873 ex
1157 813 1294 886 Platone,
1327 837 1351 878 c.
1375 821 1393 876 5
1454 834 1458 851 ··

249 931 286 972 ex
307 914 492 986 Empedocle,
528 930 552 972 e.
578 918 614 972 12
646 915 707 972 init.
737 931 772 972 ex
802 912 1010 985 Aristophane,
1042 932 1067 974 5.
1092 915 1131 972 35
1154 932 1190 974 ex
1208 917 1392 991 Archilocho,

247 1029 272 1070 c.
296 1016 335 1070 42
358 1031 393 1072 ex
414 1015 551 1086 Homero,
589 1013 726 1086 Pindaro,
748 1013 908 1086 Timotheo,
941 1030 965 1072 c.
988 1017 1027 1073 45
1050 1032 1086 1074 ex
1109 1015 1249 1089 Sophocle
1270 1019 1307 1077 ad
1328 1035 1394 1078 ora·
1445 1044 1448 1049 ·

246 1113 354 1172 tionem
375 1114 533 1173 ornandam
567 1115 659 1173 ascita
689 1119 766 1172 sunt.
824 1113 943 1172 Ceteros
975 1120 1091 1184 autem,
1124 1118 1172 1188 qui
1202 1117 1393 1186 inveniuntur,

248 1227 350 1271 versus
372 1213 469 1272 hausit
490 1231 526 1272 ex
547 1215 618 1287 ipsis
639 1212 776 1286 fontibus,
792 1230 863 1286 quos
884 1213 1028 1286 adhibuit;
1049 1216 1183 1274 nimirum
1203 1223 1315 1277 constat
1335 1218 1392 1275 iam

249 1319 317 1372 ante
346 1315 607 1397 Alexandrinorum
640 1319 765 1373 aetatem
798 1315 889 1388 magis
921 1317 1069 1387 magisque
1098 1315 1222 1374 studium
1253 1314 1392 1376 librorum

247 1412 374 1472 versibus
394 1420 543 1486 poetarum
567 1413 798 1473 exornandornm
820 1415 896 1487 apud
918 1415 1075 1488 scriptores
1095 1416 1254 1488 irrepsisse,

336 1513 560 1574 Observationes
581 1531 649 1573 vero
681 1519 711 1573 et
731 1515 892 1572 sententias
913 1510 1062 1572 Plutarchi
1082 1516 1173 1588 ipsius
1194 1516 1391 1590 creberrimas,

252 1629 324 1687 quas
347 1619 397 1673 aut
418 1630 468 1673 suo
491 1630 631 1687 quamque
652 1616 716 1673 loco
737 1615 958 1672 memoravimus
972 1623 1024 1672 aut
1037 1614 1147 1688 dignas,
1169 1632 1289 1687 quarum
1311 1632 1391 1674 men-

246 1717 287 1774 tio
309 1716 423 1773 diserta
444 1714 536 1786 iteret,
559 1731 617 1772 non
640 1713 775 1773 arbitrati
796 1731 901 1781 sumus,
934 1715 1060 1788 singulas
1091 1731 1260 1774 enumerare
1291 1733 1391 1775 omnes

249 1830 354 1891 operae
376 1831 434 1874 non
455 1819 499 1872 est
520 1816 654 1888 pretium.
761 1879 763 1883 7

335 2527 416 2597 Quod
440 2526 463 2584 si
485 2527 538 2585 hae
560 2528 729 2600 quaestione
756 2527 793 2585 ad
826 2524 911 2586 finem
943 2524 1097 2598 perducta,
1134 2541 1206 2598 qnae
1239 2524 1391 2594 effecimus,

170 2644 175 2654 ·
248 2625 351 2695 paucis
373 2608 614 2699 comprehendere
636 2628 713 2694 licet,
735 2625 908 2685 Plutarchus
939 2625 1053 2684 videtur
1074 2625 1156 2685 nohis
1187 2627 1218 2682 in
1249 2624 1393 2683 Demetrii

247 2725 306 2782 vita
328 2724 500 2785 decribenda
520 2727 680 2799 prinoipem
713 2734 742 2787 et
773 2727 970 2802 gravissimum
1001 2732 1149 2785 auctorem
1182 2725 1390 2799 Hieronymum

246 2824 431 2896 Cardianum,
454 2827 539 2900 idque
560 2829 611 2897 ita,
634 2834 666 2885 ut
686 2844 754 2886 raro
776 2829 821 2897 (in
843 2846 867 2885 c.
882 2829 1012 2897 11-13,
1036 2829 1085 2892 24,
1107 2829 1157 2900 26,
1180 2829 1231 2895 27,
1254 2821 1391 2901 41-44)
1465 2878 1468 2883 .

248 2940 314 2982 eum
336 2940 454 2997 prorsus
469 2927 645 3000 neglegeret,
668 2933 780 2985 secutus
792 2943 865 2993 esse,
887 2932 1090 2998 praetereum,
1112 2942 1285 2998 quamquam
1300 2927 1391 2984 multo
1472 2964 1475 2969 -

156 3007 160 3013 ’
246 3026 351 3101 rarius,
384 3024 539 3098 Phylarchi
571 3027 699 3086 historiis
722 3029 767 3097 (in
787 3045 811 3085 c.
838 3029 865 3095 9,
898 3031 945 3097 14,
970 3030 1017 3098 15,
1043 3031 1090 3097 17,
1112 3028 1161 3097 25,
1184 3029 1316 3096 41-44,
1340 3026 1388 3093 52,

245 3124 296 3195 53)
319 3142 397 3202 usus,
419 3126 504 3197 idem,
526 3131 558 3185 ut
578 3143 633 3198 res,
657 3143 731 3203 quae
751 3127 870 3185 minoris
891 3128 1027 3185 momenti
1048 3132 1122 3198 sunt,
1145 3127 1200 3185 555
1221 3127 1285 3186 1555
1306 3129 1389 3187 omit·
1460 3195 1469 3209 ,

244 3229 312 3294 tam,
335 3243 392 3284 non
415 3242 509 3299 pauca
530 3243 565 3286 ex
592 3216 783 3286 Democharis
812 3228 936 3307 historia
965 3234 995 3286 et
1026 3244 1062 3287 ex
1082 3214 1249 3287 Philochori
1269 3215 1390 3286 Atthide

245 3324 295 3392 (ex
316 3325 367 3384 illa
387 3327 418 3384 in
439 3344 464 3385 o.
490 3324 537 3397 10,
577 3332 623 3398 11,
661 3330 710 3403 24,
747 3330 797 3398 27,
827 3331 877 3404 46,
908 3330 1070 3387 exhacin
1092 3346 1118 3386 o.
1142 3331 1170 3403 9,
1195 3329 1241 3397 10,
1266 3331 1313 3399 12,
1337 3328 1386 3397 23,

244 3425 293 3494 24,
316 3428 364 3498 26,
386 3444 421 3486 cx
443 3427 584 3488 alterutro
606 3444 693 3502 opere
713 3430 743 3487 in
765 3446 790 3487 c.
814 3431 842 3500 8,
868 3429 915 3499 13,
939 3429 989 3500 33,
1012 3428 1061 3500 34,
1085 3427 1137 3500 40)
1159 3428 1305 3499 petivisse.
1323 3459 1325 3462 -

326 3525 395 3597 Ipsa
415 3535 511 3588 autem
530 3527 652 3588 fontium
681 3530 843 3595 varietate,
878 3529 991 3601 qualem
1023 3528 1222 3600 cognovimus,
1256 3526 1388 3586 effectum

242 3640 304 3682 esse
326 3625 448 3696 videtur,
470 3636 502 3688 ut
523 3628 694 3688 Plutarchus
715 3630 745 3686 in
772 3628 827 3686 555
860 3629 920 3685 vita
948 3628 1088 3699 singulari
1121 3627 1205 3686 modo
1232 3627 1388 3700 imaginem

182 3772 184 3777 ,
244 3723 395 3798 Demetrii,
419 3728 494 3799 quod
517 3731 691 3804 intellegam,
720 3745 822 3802 parum
850 3725 962 3785 firmam
990 3726 1178 3799 stabilemque
1205 3728 1387 3800 expresserit.
1451 3754 1453 3759 ·

243 3814 436 3900 Quamobrem
459 3845 522 3886 cum
544 3829 670 3889 dubitari
690 3830 790 3901 possit,
813 3827 949 3900 quidnam
972 3826 1008 3884 de
1023 3827 1171 3884 Demetrio
1193 3827 1241 3884 ille
1264 3829 1389 3898 scriptor

242 3927 302 3997 ipse
323 3922 475 3998 iudicarit,
494 3914 646 3988 'commode
667 3930 740 3989 alins
761 3929 888 3987 eiusdem
909 3927 989 3984 locus
1011 3916 1141 3985 servatus
1162 3933 1221 3998 est,
1253 3929 1282 3983 15
1313 3926 1387 3986 lihro
1469 3930 1471 3935 '

243 4024 278 4082 de
300 4041 366 4083 sera
390 4043 466 4084 num.
489 4029 565 4085 vind.
586 4045 616 4101 p.
639 4021 785 4087 562155
817 4016 885 4104 γάρ
904 4014 1093 4100 Ἀντίγονός
1124 4044 1162 4102 ys
1184 4013 1245 4084 διοὶ
1276 4017 1386 4100 Λημή-
1467 4088 1469 4093 ,

245 4142 340 4198 tracon
362 4117 443 4185 οὐδὲ
465 4117 654 4186 emendicat
686 4118 800 4205 ἡρώων
825 4111 951 4192 Φυλεύς
973 4118 1014 4184 δι’
1033 4119 1177 4202 Αὐγέαν,
1210 4119 1291 4186 οὐδὲ
1313 4120 1386 4185 Νέ-

243 4238 332 4300 otmp
356 4213 416 4284 ὃιοὶ
437 4221 555 4299 Νηλέα
578 4223 678 4294 δίκας
700 4224 839 4287 ἔδωκαν·
869 4228 906 4286 ἐκ
928 4224 1040 4285 κακῶν
1068 4225 1127 4302 μὲν
1147 4208 1224 4305 γάρ,
1251 4219 1385 4302 ἁγαθοὶ
1465 4242 1469 4249 ·

242 4318 268 4384 ὅ
293 4311 389 4398 bour:
414 4329 514 4399 quihus
536 4346 571 4387 ex
592 4328 687 4387 verbis
709 4334 829 4402 apparet
851 4327 1037 4387 Plutarchum
1061 4330 1097 4388 de
1117 4330 1266 4388 Demetrio
1287 4330 1385 4402 inique

238 4425 390 4487 iudicasse.
422 4427 511 4500 Quale
532 4430 667 4489 iudicium
691 4435 724 4486 ut
745 4429 821 4503 apud
837 4433 967 4502 posteros
990 4430 1187 4503 invalesceret,
1210 4446 1268 4488 non
1282 4430 1385 4503 exigua
