3250 5109
790 430 886 519 11.-.

246 637 322 708 rent,
345 648 379 691 ea
400 638 429 691 et
448 633 512 705 ipsa
525 630 688 703 Phylarcho
710 629 853 688 adiudied.
888 630 987 702 Neque
1008 629 1085 688 aliud
1107 634 1201 690 statuo
1224 631 1259 690 dc
1280 631 1384 704 iniquis

246 734 366 804 iudiciis,
390 749 463 806 quae
484 750 507 790 e.
533 735 570 789 14
603 719 730 802 (ἄλλως
765 761 799 772 -
834 723 984 807 γυναιξὶν
1014 737 1043 790 et
1072 716 1212 802 τοιαύτη
1234 728 1292 805 μὲν
1310 733 1384 806 sqq.)
1421 787 1423 790 .

246 841 276 892 et
300 834 336 892 52
361 836 404 904 (in
427 850 483 906 quo
505 833 600 892 omnia
617 833 677 891 eius
697 848 761 891 esse
783 847 885 890 censeo
906 834 1111 912 pauciqquae
1131 849 1159 904 p.
1180 835 1198 890 6
1219 849 1261 906 sq.
1280 833 1383 892 Hiero-

245 950 330 1005 nymo
351 932 541 1002 attribuimus,
575 937 604 991 et
625 933 791 1006 sententiis,
826 949 898 1007 quae
918 933 1015 1006 potius
1037 931 1184 992 Plutarchi
1206 933 1295 1006 ipsius
1316 934 1382 1004 sint,

245 1035 386 1109 exceptis)
410 1034 446 1093 de
468 1035 615 1094 Demetrio
636 1031 715 1093 facta
736 1039 812 1092 sunt.
1115 1033 1119 1036 ’

326 1135 484 1194 Praeterea
507 1137 611 1205 exeis,
634 1150 707 1208 quae
729 1149 816 1207 supra
836 1134 872 1192 de
894 1135 1020 1199 ratione
1038 1138 1068 1192 et
1096 1137 1200 1192 natura
1228 1130 1383 1205 Phylarchi
1469 1178 1472 1185 .

243 1237 430 1296 historiarum
452 1236 578 1296 breviter
600 1236 804 1305 disseruimus,
836 1235 884 1303 via
906 1232 1022 1292 dubium
1044 1233 1113 1292 mihi
1135 1239 1195 1304 est,
1229 1234 1297 1307 quin
1318 1233 1384 1292 inde

245 1339 303 1396 sint
323 1342 444 1413 sumpta,
466 1354 540 1412 quae
561 1336 599 1395 ad
621 1336 730 1394 animos
751 1334 968 1395 commovendos
990 1335 1147 1408 composita
1168 1350 1192 1390 c.
1215 1335 1232 1390 9
1254 1334 1291 1393 dc
1313 1332 1384 1393 Gra·

245 1437 367 1509 tempoli,
391 1453 415 1495 c.
443 1440 479 1494 17
502 1437 538 1495 de
560 1437 681 1495 victoria
704 1435 739 1495 ab
762 1434 943 1494 Aristodemo
965 1435 1111 1504 nuntiata,
1134 1451 1158 1492 c.
1182 1433 1221 1492 53
1242 1435 1278 1492 de
1300 1434 1383 1493 Anti-

245 1538 312 1611 goni
333 1537 465 1598 Gouatae
497 1539 574 1595 luctu
596 1536 688 1609 deque
713 1552 818 1608 pompa
839 1533 952 1594 funebri
973 1534 1082 1593 tradita
1104 1541 1170 1592 sunt
1181 1532 1212 1606 ¹).
1254 1533 1383 1607 Denique

246 1655 270 1696 e.
291 1641 426 1708 41-44,
458 1640 487 1695 in
509 1636 609 1710 quibus
634 1638 669 1696 de
690 1636 871 1709 expeditione
893 1652 910 1694 a
931 1636 1080 1694 Demetrio
1102 1637 1133 1693 ln
1154 1635 1299 1693 Aetoliam
1320 1651 1382 1694 sus·

244 1744 328 1813 cepta
348 1737 388 1812 (a.
414 1737 499 1808 289),
523 1738 558 1796 de
581 1737 781 1808 simultatibus,
805 1753 877 1809 quae
899 1735 991 1794 eidem
1013 1752 1075 1793 cum
1098 1735 1211 1808 Pyrrho
1234 1741 1325 1807 eraut,
1347 1735 1383 1794 de

243 1841 376 1911 ratione,
409 1856 465 1912 qua
496 1838 661 1897 Demetrius
691 1852 817 1912 eregno
849 1835 1038 1896 Macedonico
1071 1838 1179 1894 eiectus
1211 1841 1256 1894 est
1288 1837 1382 1906 (Maio

243 1956 339 1998 mense
361 1955 387 1998 a.
411 1933 496 2019 281),
519 1941 623 2013 agitur,
647 1938 748 2011 quibus
769 1936 856 1996 rebus
876 1939 965 2011 gestis
986 1938 1127 2010 plurimae
1148 1937 1383 1996 narratiunculae

244 2044 273 2099 et
292 2041 390 2113 iniqua
411 2040 518 2098 iudicia
540 2039 574 2098 de
596 2037 743 2096 Demetrio
774 2036 851 2097 facta
872 2039 982 2096 inserta
1003 2043 1081 2110 sunt,
1114 2043 1143 2097 et
1164 2040 1229 2111 ipsa
1250 2056 1285 2098 ex
1306 2037 1382 2111 Phy-

242 2141 333 2200 larchi
354 2141 479 2200 historiis
501 2141 593 2214 petita
615 2156 676 2198 esse
698 2139 778 2199 nohis
792 2132 916 2208 videri²)
939 2157 973 2197 ex
995 2139 1045 2212 eis,
1067 2155 1140 2213 quae
1162 2153 1258 2212 supra·
1272 2141 1315 2214 (p.
1333 2141 1381 2210 32,

316 2432 442 2543 21110111
461 2493 483 2530 0.
502 2474 537 2530 38
564 2476 660 2547 συνέβη
679 2466 731 2548 γάρ
750 2491 806 2546 sqq.
825 2476 860 2530 ad
878 2476 1055 2546 Phylarchum
1072 2492 1255 2532 revocaveram
1273 2478 1384 2548 quodam
1409 2474 1416 2499 '¹

241 2561 316 2616 modo
334 2564 419 2618 verbis
438 2559 473 2628 ὣς
491 2569 555 2615 ἔοικε
574 2570 600 2618 01
617 2566 723 2636 λέγουσι.
740 2569 897 2634 commotns3
915 2565 961 2619 sed
978 2566 1065 2620 nescio
1082 2580 1116 2619 an
1133 2564 1292 2632 Hieronymo
1308 2568 1383 2621 attri-

240 2649 343 2703 buenda
359 2650 395 2704 sit
412 2665 443 2704 ea
461 2651 596 2705 narratio:
622 2650 644 2703 si
663 2649 768 2718 quidem
785 2656 856 2705 reete
881 2651 1002 2706 observat
1019 2651 1122 2706 Reuss
1141 2654 1178 2720 (p.
1198 2651 1259 2722 138)
1285 2654 1382 2709 eisdem

242 2735 298 2789 fere
316 2735 401 2790 verbis
418 2751 475 2790 eam
492 2739 561 2806 App.
579 2738 637 2806 Syr.
657 2754 679 2792 c.
698 2738 801 2792 59-61
820 2738 896 2807 tradi,
922 2738 990 2793 idem
1020 2739 1057 2808 (p.
1078 2738 1128 2793 147
1145 2743 1172 2794 et
1188 2739 1222 2793 43
1241 2739 1311 2808 sqq.)
1329 2741 1382 2809 Ap·

240 2821 345 2891 pianum
363 2823 389 2876 in
406 2823 485 2878 rebus
507 2825 586 2890 gestis
611 2824 725 2893 Syriacis
750 2825 901 2880 enarrandis
918 2826 1032 2883 maxime
1049 2826 1233 2895 Hieronymum
1250 2832 1382 2882 auctorem

239 2914 355 2966 secutum
378 2925 442 2965 esse.

310 2997 330 3068 1)
350 2996 478 3065 Quoniam
494 3003 580 3053 autem
598 3013 655 3052 eum
681 2998 756 3052 Dem.
774 3015 796 3052 e.
814 2998 857 3064 41,
876 2997 919 3070 43,
936 2998 971 3052 44
997 3003 1089 3066 aperte
1114 3005 1259 3066 congruunt
1285 3001 1379 3070 Pyrrh.

241 3102 262 3140 c.
284 3086 299 3139 7
318 3081 466 3158 Δημήτριος
484 3090 530 3158 μὲν
549 3098 605 3154 sqq.
625 3076 934 3157 -8τὸνἌ11ξανὸρον,
953 3078 1116 3159 0.10611’γῳ
1135 3117 1168 3126 -
1187 3085 1241 3140 fere
1260 3085 1384 3160 διαγωνί-

241 3175 399 3242 quoddam.
419 3174 451 3227 11
473 3173 565 3225 ταῦτα
583 3165 652 3247 πρὸς
669 3203 703 3213 -
721 3176 818 3246 ἔρημον
835 3178 862 3226 et
879 3169 964 3246 τάχει
991 3203 1025 3212 -
1052 3173 1127 3226 012
1154 3165 1222 3244 πρός
1239 3167 1380 3247 α’λλήλους,

241 3258 305 3315 haec
323 3267 350 3315 et
366 3262 424 3330 ipsa
442 3277 474 3315 ex
492 3260 634 3329 Phylarchi
661 3261 778 3316 historiis
798 3265 901 3328 sumpta
919 3276 976 3315 esse
993 3265 1089 3315 statuo.
1133 3261 1181 3316 Cui
1198 3263 1314 3330 opinioni
1330 3279 1381 3318 non

239 3347 333 3418 obstat,
352 3348 420 3417 quod
438 3348 615 3418 Phylarchum
643 3348 670 3402 iu
697 3353 813 3403 extrema
840 3347 935 3415 Pyrrhi
957 3348 1011 3401 vita
1036 3378 1071 3387 —
1099 3348 1216 3403 emedio
1234 3350 1288 3404 fere
1307 3366 1329 3403 c.
1347 3351 1381 3404 26

239 3448 320 3501 usque
337 3435 370 3488 ad
389 3436 458 3490 vitae
475 3434 554 3489 finem
572 3435 616 3505 (cf.
634 3438 741 3504 praeter
759 3434 826 3489 alios
843 3435 965 3488 Miller
981 3435 1002 3497 l,
1021 3434 1135 3488 LXXXI
1154 3440 1181 3489 et
1199 3436 1380 3492 Mullemei-

238 3526 305 3574 ster
324 3538 350 3589 p.
368 3520 402 3575 27
420 3538 493 3591 sqq.;
521 3537 605 3591 nuper
623 3537 683 3576 vero
701 3523 809 3578 Reuss
827 3538 854 3590 p.
876 3521 927 3575 142
945 3536 1002 3590 sqq.
1021 3521 1153 3576 contendit
1171 3537 1188 3575 a
1207 3537 1229 3575 o.
1249 3523 1283 3577 29
1302 3538 1382 3593 usque

239 3606 273 3660 ad
291 3606 369 3660 finem
386 3608 563 3664 Plutarchum
590 3610 635 3664 ex'
649 3610 807 3679 Hieronymo
834 3607 962 3677 hausisse)
988 3638 1031 3678 —‚
1058 3608 1102 3662 uhi
1128 3609 1264 3664 Plutarchi
1290 3617 1381 3666 auctor

238 3694 318 3748 fuisse
336 3694 523 3766 dereputetur,
551 3697 667 3766 iniquius
697 3697 728 3752 de
745 3697 846 3766 Pyrrho
871 3695 999 3750 iudicasse
1026 3697 1156 3765 quispiam
1184 3696 1267 3766 dicat3
1294 3715 1380 3768 neque

238 3782 307 3836 enim
325 3781 367 3834 his
386 3780 482 3836 iudicia
500 3800 534 3838 ex
551 3784 644 3854 Pyrrh.
670 3800 691 3839 c
711 3783 796 3838 7-12
824 3783 930 3838 laudata
957 3782 1129 3851 refragantur.
1174 3785 1242 3840 Nam
1258 3785 1312 3841 illic
1328 3803 1380 3841 uon

238 3869 424 3939 praedicantur
442 3870 493 3923 nisi
509 3868 604 3940 Pyrrhi
621 3871 732 3940 insignis
749 3870 874 3925 fortitudo
905 3871 1069 3940 impetusque
1084 3871 1112 3925 in
1129 3872 1225 3940 proelio
1242 3879 1269 3927 et
1286 3873 1379 3943 gloria,

238 3972 315 4024 quam
335 3958 373 4012 eis
391 3956 532 4013 virtutibus
549 3958 599 4012 sihi
615 3960 757 4026 paraverit,
783 3963 922 4027 praeterea
940 3957 1068 4026 celeritas,
1095 3959 1190 4029 vultus,
1216 3966 1301 4016 motus
1318 3962 1378 4016 Ale·
1467 4002 1475 4015 .

240 4044 334 4099 xandri
351 4045 459 4100 similes.
495 4045 531 4099 At
549 4045 721 4100 mansuetudo
738 4046 909 4114 Epirotarum
925 4045 1010 4114 regis,
1029 4060 1095 4113 quae
1111 4053 1276 4116 memoratur,
1295 4049 1380 4116 qualis
1394 4048 1398 4055 “

241 4132 329 4203 fuerit,
348 4132 424 4187 lacile
442 4146 582 4201 cognoscas
599 4147 632 4186 ex
650 4149 672 4188 e.
691 4135 733 4199 ll,
757 4132 826 4187 unde
843 4138 953 4200 apparet
970 4147 1027 4186 eam
1045 4150 1097 4187 non
1115 4134 1254 4205 sinceram,
1282 4135 1327 4189 sed
1344 4136 1379 4191 ad

240 4221 268 4274 id
286 4218 371 4275 solum
389 4219 557 4288 compositam
574 4217 669 4290 fuisse,
697 4226 726 4275 ut
751 4220 821 4274 lama
847 4219 1017 4275 humanitatis
1041 4219 1165 4274 adversus
1183 4223 1299 4290 captivos
1317 4238 1380 4278 suae

241 4307 372 4376 divulgata
383 4306 510 4362 Demetrii
527 4304 624 4362 milites
641 4306 675 4361 ad
690 4321 778 4376 regem
791 4307 964 4363 deserendum
981 4307 1139 4376 impelleret3
1159 4323 1226 4377 quae
1246 4325 1288 4364 res
1300 4311 1377 4366 etiarn

241 4393 335 4450 clarior
346 4411 377 4451 eo
389 4394 427 4460 fit,
445 4394 513 4464 quod
523 4393 639 4464 Pyrrhus
656 4393 736 4451 falsos
747 4395 931 4463 simulatosque
940 4394 1096 4451 Macedones
1113 4397 1141 4451 in
1158 4396 1274 4451 hostium
1291 4405 1377 4454 castra

241 4481 342 4537 misisse
358 4481 452 4537 dicitur
469 4481 612 4538 adversarii
631 4482 722 4553 copias
739 4483 767 4539 in
784 4497 845 4542 suas
856 4487 946 4552 partes
963 4482 1139 4538 haducturos.
1157 4483 1273 4540 Tantum
1290 4491 1377 4542 autem

1252 4576 1289 4614 Q*
