3250 5109
311 1288 473 1411 Quaeritur,
498 1322 570 1424 quos
599 1287 691 1389 toros
713 1286 884 1390 Plutarchus
913 1304 1029 1425 praetor
1048 1288 1250 1428 Hieronymum
1279 1287 1454 1391 adhibuerit.

705 1696 720 1752 ς’
740 1692 764 1742 1,
799 1692 1057 1752 Dephylareho.

396 1831 546 1905 Quoniam,
569 1847 641 1903 qnae
662 1832 851 1904 Hieronymo,
881 1833 1030 1891 Plutarchi
1052 1834 1081 1890 in
1103 1833 1164 1888 uita
1184 1830 1325 1888 Demetrii
1348 1830 1452 1889 descri-

311 1930 406 1997 benda
427 1931 595 2004 grauissimo
623 1935 749 2003 auctori,
783 1934 968 1992 attribuenda
999 1934 1165 1991 uiderentur
1184 1948 1264 1997 esse,
1296 1948 1383 2004 supra
1404 1948 1454 1988 ex·

311 2032 467 2103 posuimus,
491 2048 565 2089 nunc
586 2033 616 2088 in
630 2039 741 2090 ceteros
762 2032 864 2104 fontes,
889 2050 959 2105 quos
980 2036 1009 2091 in
1031 2032 1133 2090 eadem
1148 2033 1206 2089 uita
1227 2031 1368 2090 adhibitos
1390 2047 1456 2089 esso

312 2133 463 2203 apparuit,
500 2131 686 2202 inquiramus.
739 2133 835 2204 Atque
861 2150 885 2190 c.
907 2137 1049 2201 etl—ll,
1083 2149 1177 2204 aquo
1197 2131 1260 2190 loeo
1287 2131 1455 2188 commodis·

312 2233 381 2289 sime
417 2232 543 2303 incipere
577 2231 722 2305 uidemur,
754 2233 859 2289 mirum
891 2235 921 2290 in
952 2233 1082 2303 modum,
1118 2237 1294 2304 quantopere
1314 2228 1454 2287 Demetrii

311 2333 406 2405 imago
428 2333 458 2389 in
479 2332 561 2402 peius
590 2332 669 2402 picta
690 2337 743 2402 est,
766 2339 919 2406 tantopere
933 2331 1039 2405 Pyrrhi
1059 2332 1197 2391 fortitudo
1217 2329 1349 2388 laudibus
1370 2327 1454 2385 effer·

312 2438 370 2489 tur.
415 2429 486 2488 Cum
509 2432 585 2489 enim
607 2432 782 2490 Macedones
804 2432 881 2491 hunc
903 2449 1003 2506 regem
1024 2440 1057 2490 ut
1085 2432 1174 2490 armis
1205 2431 1312 2488 clarum
1339 2433 1368 2485 et
1393 2424 1455 2484 for-

312 2532 452 2589 tissimum
474 2533 599 2588 maxime
621 2531 756 2590 admirati
778 2548 839 2590 esse
861 2538 948 2604 atque
969 2533 998 2590 in
1021 2549 1055 2590 eo
1070 2549 1126 2590 nno
1147 2531 1300 2602 imaginem
1315 2527 1455 2585 audaciae

314 2630 472 2688 Alexandri
494 2631 655 2702 suspexisse
677 2636 706 2687 et
720 2630 929 2690 humanitatem
952 2648 1084 2713 -xquae
1106 2630 1197 2702 qualis
1217 2627 1314 2702 fuerit,
1336 2644 1406 2686 sane
1420 2645 1456 2686 ex

315 2729 391 2786 Plut.
414 2728 519 2800 Pyrrh.
543 2745 567 2786 c.
587 2733 621 2786 11
645 2737 768 2801 apparet
804 2760 841 2768 -
879 2732 906 2789 ei
927 2730 1089 2790 attribuisse
1111 2729 1255 2797 dicantur,
1291 2726 1457 2784 Demetrius

314 2835 461 2902 tamquam
488 2836 569 2888 actor
598 2831 725 2903 tragicus
745 2832 883 2900 vestitus,
916 2850 969 2891 usu
990 2830 1140 2900 molestus,
1176 2827 1321 2890 difficilis,
1355 2842 1458 2898 super·

315 2931 378 3004 bus,
410 2930 581 3001 luxuriosus,
610 2947 712 3002 asper,
735 2933 796 2988 rari
818 2932 913 2989 aditus
937 2948 997 2989 esse
1019 2929 1154 2988 traditur.
1198 2928 1278 2999 Quae
1298 2933 1331 2985 nt
1351 2926 1457 2984 Hiero-

314 3046 437 3100 nymum
457 3029 560 3088 fecisse
582 3030 727 3102 dicamus,
757 3029 820 3089 fieri
844 3047 901 3089 non
922 3047 1007 3102 posse
1029 3046 1118 3101 supra
1139 3029 1320 3102 cognorimus
1341 3026 1382 3098 (p.
1408 3027 1453 3095 18,

315 3131 354 3187 23
377 3128 441 3203 sq).

398 3231 458 3287 lam
479 3248 546 3289 uero
567 3239 596 3290 et
617 3247 724 3301 eorum,
747 3247 820 3303 quae
842 3231 927 3303 paulo
949 3234 1017 3286 ante
1038 3228 1263 3295 memoravimus,
1286 3231 1315 3283 et
1335 3225 1458 3282 aliarum

316 3346 421 3396 rerum,
443 3347 513 3402 quas
535 3331 571 3388 ab
593 3332 770 3403 Hieronymo
791 3329 1023 3396 abiudioaoimus
1046 3329 1138 3399 partis
1169 3325 1281 3396 quidem
1309 3329 1458 3381 auctorem

315 3429 472 3490 Plutarcho
483 3430 571 3489 fuisse
583 3434 714 3504 suspicor
728 3430 983 3501 Phylarchum‚
1006 3429 1053 3499 qun
1063 3419 1222 3500 Ἱστορίας
1233 3427 1273 3480 28
1284 3422 1367 3481 libris
1379 3440 1457 3481 conr·

314 3525 473 3600 prehensas
496 3531 617 3604 scripsit.
661 3532 786 3602 Quarum
807 3532 884 3587 ratio
916 3535 945 3588 et
976 3535 1081 3586 natura
1105 3542 1139 3583 ea
1160 3528 1233 3594 erat,
1267 3529 1376 3582 utnon
1398 3531 1459 3581 tam

316 3645 364 3687 res
386 3630 555 3702 simpliciter
587 3636 616 3690 et
639 3631 792 3705 diligenter
821 3630 980 3701 descriptas
1006 3634 1093 3698 atque
1122 3640 1223 3682 causas
1251 3640 1457 3696 causarumque

320 3736 436 3788 euentus
458 3732 602 3803 expositos
624 3733 810 3800 continerent,
841 3746 935 3803 quam,
964 3733 996 3785 nt
1017 3726 1105 3784 animi
1133 3727 1338 3784 commotiones
1364 3731 1458 3782 secta·

317 3836 427 3904 rentur,
440 3830 585 3888 rhetorice
597 3847 642 3888 res
655 3830 855 3906 depingerent,
866 3830 975 3888 festivis
989 3826 1213 3885 narratiunculis
1234 3826 1412 3884 delectarent
1423 3823 1456 3891 ¹).

319 3932 358 3990 Ut
380 3930 433 3989 hoc
455 3939 539 3998 ntar,
571 3948 680 3990 snunmo
713 3931 804 3991 studio
837 3932 872 3990 de
904 3929 1051 3988 luxuriosa
1083 3929 1143 3984 uita
1173 3943 1273 4000 regum
1304 3939 1458 3994 eorumque

320 4032 463 4100 comitum,
487 4031 523 4089 de
545 4030 700 4088 eorundem
722 4030 887 4102 vinolentia,
910 4030 945 4088 de
963 4025 1162 4087 meretricibus
1183 4023 1360 4084 memorabat
1381 4023 1458 4096 Phy-

317 4133 434 4190 larchus
469 4130 519 4201 (cf.
549 4129 624 4204 frgg.
649 4135 676 4198 7,
701 4135 749 4204 10,
774 4133 822 4203 19,
846 4133 894 4203 22,
918 4131 967 4202 30,
991 4132 1039 4201 31,
1062 4130 1112 4204 40,
1135 4132 1185 4199 41,
1207 4128 1257 4197 45,
1279 4125 1352 4197 62);
1385 4141 1462 4196 quae

390 4432 409 4496 ¹)
428 4431 550 4485 Mttller
567 4430 588 4496 l,
607 4429 730 4483 LXXIX.
