3250 5109
789 459 886 545 20-

240 657 293 716 viri
314 654 460 714 Demetrio
492 654 669 723 amicissimi,
703 656 795 726 qualis
817 656 1009 726 Hieronymus
1038 654 1140 728 fuerit,
1175 657 1295 728 petitam
1318 674 1381 716 esse

242 740 461 815 consentaneum
487 760 538 811 est.

172 847 174 852 ’
322 853 456 926 Agedum
477 853 646 912 accedamus
667 854 703 912 ad
725 852 927 926 Plutarchum3
958 856 1003 912 cui
1024 855 1098 927 quod
1120 872 1296 914 communem
1318 874 1382 915 cum

191 993 194 1005 ·
240 954 368 1012 Diodoro
401 951 509 1011 fontem
541 953 629 1011 fuisse
658 954 929 1024 demonstravimuS,
963 955 1095 1025 protinus
1118 954 1156 1012 ad
1176 954 1382 1026 Hieronymum

171 1095 175 1104 ,
240 1051 401 1114 deferimur.
436 1053 536 1124 Neque
558 1051 654 1110 obstat
674 1053 741 1111 huic
763 1054 897 1126 opinioni,
919 1055 993 1126 quod
1014 1055 1038 1111 is
1058 1071 1153 1112 rerum
1174 1057 1297 1127 scriptor
1318 1073 1384 1114 nus·

240 1169 325 1226 quam
346 1169 398 1225 per
419 1158 510 1212 totam
524 1154 611 1210 vitain
633 1151 697 1211 fons
709 1159 900 1225 nuncupatur,
917 1168 980 1211 cum
1000 1159 1030 1211 et
1050 1155 1080 1211 in
1101 1155 1156 1212 hac
1170 1158 1230 1214 vita
1250 1158 1383 1215 universe

244 1259 356 1312 tantum
377 1252 547 1326 vocibusque
575 1269 678 1326 parum
706 1252 831 1310 definitis
860 1253 979 1312 fontium
1009 1256 1115 1312 mentio
1143 1254 1195 1313 fiat
1223 1273 1275 1315 uec
1297 1259 1384 1315 semel

241 1353 413 1413 Plutarchus
435 1359 582 1412 auctorem
604 1369 687 1425 quem
699 1354 828 1424 sequitur
849 1354 1027 1424 primarium,
1050 1358 1178 1414 autraro
1191 1362 1243 1413 aut
1263 1372 1382 1436 prorsus

240 1471 299 1512 non
321 1450 573 1529 commemoret1).
622 1453 713 1511 lmmo
735 1458 852 1525 praeter
880 1452 950 1510 illud
976 1459 1174 1525 argumentum
1198 1461 1281 1524 sunt,
1309 1472 1382 1528 quae

239 1553 432 1627 Plutarchum¹
449 1571 484 1611 ex
505 1553 642 1613 Cardiani
663 1554 739 1611 illius
768 1553 890 1611 historia
920 1554 1050 1610 hausisse
1071 1555 1225 1612 videantur
1245 1556 1382 1614 indicare.

238 1657 354 1713 Etenim
383 1672 446 1714 cum
476 1651 618 1727 [Luciam]
649 1641 777 1712 Macrob.
807 1669 831 1710 c.
864 1657 898 1709 11
911 1708 913 1712 ,
927 1651 1021 1710 verbis
1053 1639 1159 1730 ὥσπερ
1189 1647 1207 1711 ὁ
1236 1668 1381 1732 cccccc-

238 1749 412 1829 τεοόμενος
435 1745 528 1829 αύτῷ
551 1747 604 1829 (sc.
625 1755 789 1826 Antigone,
812 1751 954 1815 Demetrii
976 1754 1067 1824 patri,
1100 1756 1180 1812 cuius
1207 1761 1383 1814 memoratur

239 1852 329 1929 mors)
362 1843 549 1928 Ἱερύννμος
583 1852 712 1931 ἱστορεῖ
736 1870 800 1911 eum
822 1854 915 1910 virum
943 1870 1057 1927 pugnae
1086 1855 1162 1926 apud
1188 1855 1286 1927 Ipsum
1307 1873 1382 1914 com·

242 1957 344 2014 missae
366 1954 527 2013 interfuisse
542 1959 676 2032 testetur,
701 1971 736 2012 ex
746 1954 916 2026 Hieronymi
937 1955 1025 2026 ipsius
1045 1955 1184 2012 relatione
1196 1953 1382 2013 Plutarchum

239 2071 284 2124 ea,
317 2054 446 2126 quaeda
474 2070 571 2126 pugna
600 2053 651 2111 illa
682 2055 791 2125 tradit,
824 2055 957 2126 petivisse
978 2055 1039 2111 veri
1060 2054 1236 2112 simillimum
1258 2055 1324 2132 fiet,
1358 2059 1382 2113 si

244 2154 476 2226 comparaveris,
508 2170 582 2225 quae
604 2152 685 2211 Dem.
708 2171 732 2211 c.
755 2149 955 2224 acquestum
978 2141 1229 2226 ἀκοντισμάτων
1250 2156 1296 2219 εἰς
1319 2148 1382 2213 αύ-

239 2239 296 2311 τόν
332 2245 534 2335 ἀφεθέντων
565 2248 669 2327 ἔπεσε)
703 2258 733 2311 ο1
766 2251 911 2326 [Luciam]
934 2255 994 2311 11.
1029 2241 1214 2330 (τραύμασι
1247 2250 1382 2320 πολλοῖς

239 2340 421 2430 naptarum
444 2341 659 2424 ἐτελεύτησεν)
683 2354 718 2412 de
739 2355 880 2427 Antigoni
900 2359 993 2429 morte
1013 2355 1157 2427 leguntur.
1212 2353 1285 2422 Quid
1306 2356 1382 2425 quod

240 2453 329 2512 verba
361 2471 384 2511 c.
407 2457 447 2513 28
481 2439 618 2518 σύννους
646 2483 686 2492 -
708 2442 918 2512 καθ’έοοτόν
949 2460 1007 2512 tam
1039 2454 1167 2526 graviter
1199 2458 1229 2509 et
1257 2453 1382 2512 dilucide

242 2554 373 2611 videntur
387 2553 456 2610 mihi
479 2557 586 2625 scripta
607 2570 678 2623 esse,
712 2559 744 2610 ut
765 2554 819 2612 nisi
839 2553 1010 2627 spectatoris
1032 2553 1169 2623 testisque
1194 2569 1228 2609 ea
1249 2569 1382 2612 essenon

240 2669 324 2724 posse
346 2650 507 2710 coniciam?
529 2669 611 2724 quem
633 2652 842 2724 Hieronymum
863 2652 951 2711 fuisse
973 2657 1036 2710 tuto
1059 2651 1293 2711 existimabimus
1322 2654 1381 2711 De-

240 2754 343 2824 nique,
365 2768 535 2825 quamquam
556 2769 614 2811 nou
636 2751 792 2824 uisentis,
824 2752 874 2809 sed
902 2758 934 2808 ut
961 2751 1146 2823 magistratus
1175 2751 1301 2809 eiusdem
1330 2754 1384 2810 viri

241 2870 265 2911 c.
289 2855 327 2910 39
350 2854 457 2911 mentio
478 2851 554 2911 facta
576 2859 633 2919 est,
657 2860 771 2924 tamen,
803 2857 835 2910 ut
856 2851 941 2910 Diod.
963 2851 1052 2923 XIX,
1079 2853 1153 2924 100,
1181 2853 1223 2908 ita
1243 2852 1299 2910 hoc
1319 2852 1383 2911 loco

243 2952 282 3021 (c.
307 2954 345 3009 30
368 2952 423 3025 sq.)
448 2954 616 3011 relationem
637 2953 672 3011 de
693 2952 775 3010 bellis
805 2969 869 3011 cum
898 2952 1015 3012 Boeotis
1044 2954 1133 3026 gestis
1156 2951 1299 3010 Gordiano
1328 2955 1383 3024 ipsi

242 3052 408 3112 adiudicare
428 3055 505 3111 licet.

325 3201 387 3259 Iam
409 3217 452 3272 ea,
475 3218 547 3273 quae
570 3208 649 3260 certa
677 3207 707 3261 et
735 3202 885 3275 explorata
912 3202 948 3261 de
978 3202 1033 3260 isto
1061 3220 1157 3262 rerum
1185 3206 1325 3275 scriptore
1354 3209 1383 3262 et

243 3301 361 3373 imagini
384 3301 443 3358 eius
465 3301 663 3375 depingendae
695 3302 799 3360 idonea
830 3307 905 3373 sunt,
939 3301 1104 3374 afferemus,
1139 3319 1192 3360 nec
1213 3310 1308 3361 tamen
1328 3304 1383 3361 nisi

243 3402 411 3474 gravissima
432 3403 621 3475 attingemus3
644 3402 784 3474 copiosius
799 3403 875 3459 enirn
896 3403 1010 3475 saepius
1024 3404 1073 3461 alii
1088 3401 1111 3475 ²)
1135 3403 1170 3458 de
1193 3418 1226 3459 eo
1249 3412 1381 3475 egerunt.

316 3592 334 3660 ¹)
359 3591 406 3645 cfr.
435 3592 484 3646 Fr.
511 3592 623 3662 Riihl,¹
640 3593 690 3646 Die
719 3591 827 3657 Quellen
853 3592 1002 3647 Plutarch's
1027 3594 1064 3644 im
1089 3591 1179 3645 Leben
1206 3593 1250 3648 des
1277 3595 1382 3660 Himon,

246 3677 383 3746 Marburgi
402 3678 478 3747 1861,
497 3695 522 3745 p.
543 3681 558 3732 1
576 3694 616 3746 sq.

315 3762 335 3832 ⁹)
353 3764 538 3818 Disseruerunt
556 3765 588 3819 de
612 3779 641 3818 eo
668 3770 773 3832 praeter
799 3765 1046 3819 Bruecknerum
1073 3773 1099 3821 et
1125 3767 1299 3821 Reussium
1316 3769 1334 3820 1.
1352 3770 1381 3821 l.:

244 3849 277 3902 G.
294 3849 316 3902 Ι.
335 3849 483 3918 Vossius,
504 3849 535 3902 de
553 3849 682 3904 historicis
700 3849 807 3903 Graecis
825 3851 877 3916 (ed.
895 3851 927 3902 A.
947 3850 1193 3921 Westermann,
1212 3855 1285 3920 Lips.
1305 3854 1382 3921 1838)

243 3937 262 3990 l.
280 3935 293 3988 I
311 3952 333 3990 c·
352 3935 394 3987 11.
435 3935 488 3988 Fr.
513 3935 618 4002 Savia,
650 3923 802 3989 recherches
820 3939 909 3992 saara
926 3941 964 3990 cie
981 3949 1005 3990 et
1021 3941 1057 3991 les
1079 3959 1173 3992 macres
1191 3942 1220 3990 dc
1236 3943 1337 3992 Je'rome
1354 3945 1384 3993 dc

177 4049 180 4056 .
246 4023 352 4084 Cardia,
370 4023 397 4075 in
414 4024 549 4074 Mcmcires
568 4025 597 4074 de
614 4024 764 4091 Pacude'mie
782 4025 827 4076 des
844 4028 934 4090 incer„
952 4027 1104 4093 tomeXIlL
1123 4027 1259 4095 pacsqq.
1284 4027 1383 4082 Gottl.

243 4108 426 4178 Kiessling,
454 4107 486 4162 de
503 4108 672 4164 Menaechmo
701 4115 728 4162 et
746 4108 905 4189 Hieronymo
923 4111 1068 4184 Gordiano,
1095 4116 1171 4168 Cizae
1189 4112 1264 4167 1880.
1301 4114 1332 4168 G.
1349 4117 1381 4169 A.

245 4194 408 4256 Schmidt,
426 4194 458 4248 de
475 4193 592 4249 fontibus
609 4202 724 4249 veterum
751 4204 885 4252 auctorum
912 4200 950 4253 in.
966 4201 1117 4256 enarrandis
1144 4200 1348 4266 expeditionibus
1366 4217 1383 4256 a

246 4280 331 4336 Gallis
349 4283 376 4336 in
394 4279 576 4335 Macedoniam
599 4287 677 4350 atque
696 4284 835 4338 Graeciam
852 4289 990 4357 susceptis,
1018 4287 1104 4341 Berol.
1123 4285 1199 4354 1834,
1225 4303 1253 4353 p.
1272 4285 1306 4340 25
1324 4301 1382 4356 sqq.

247 4367 382 4432 Miller,
401 4367 445 4422 l.l.
463 4367 499 4437 H,
518 4368 571 4422 450
589 4385 646 4437 sqq.
681 4369 710 4423 P.
729 4370 986 4440 Mitllemeister‚
1007 4375 1039 4427 de
1056 4372 1170 4427 sontibus
1187 4372 1263 4441 Pyrri
1281 4372 1383 4428 Plutar-

246 4454 311 4515 chet,
330 4454 399 4508 Gott.
419 4454 493 4522 1871,
511 4470 538 4522 p.
556 4454 573 4508 6
591 4471 647 4523 sqq.
