3250 5109
739 438 886 523 Εἶθ’..-

239 656 286 697 101
308 655 363 698 nou
386 638 469 697 111111
492 638 518 695 ri
540 636 741 710 exprobranda
764 642 816 703 est,
839 637 944 708 quippe
965 635 1012 707 qui
1024 632 1284 696 Alexandrinorum
1304 639 1377 695 tem-

242 739 359 814 poribus
381 740 493 799 vixorit.
653 728 657 735 ⁸

324 841 417 914 Atque
439 840 513 913 (qnod
534 855 673 912 nusquam
695 840 723 896 in
744 838 798 896 hac
821 841 879 898 1111
891 841 1073 915 Phylarchus
1094 840 1379 911 auctornominatur,

240 943 269 1000 id
290 941 351 1000 fero
373 943 477 1000 nullius
500 942 636 999 momenti
659 945 711 998 est.
758 940 819 998 Nec
850 943 941 1016 magis
974 943 1101 1016 opinioni
1133 940 1298 1015 propositae
1328 938 1380 997 ob-

239 1048 308 1113 stat,
330 1042 404 1115 quod
425 1041 596 1100 Plutarchus
613 1041 812 1100 auctoritatem
825 1041 982 1115 Phylarchi
1004 1059 1207 1115 nonnunquam
1228 1041 1380 1112 aspernari

239 1145 352 1202 ridetur
372 1137 426 1220 (cl.
449 1143 530 1202 Anat.
552 1161 577 1202 c.
600 1144 648 1211 38,
671 1143 774 1200 Them:
791 1159 817 1198 0.
834 1143 903 1214 32);
927 1128 993 1201 nam
1019 1143 1067 1201 ille
1090 1144 1214 1216 scriptor
1235 1157 1328 1215 neque
1350 1141 1379 1199 in

238 1243 402 1318 iudicando,
423 1245 453 1303 id
474 1244 549 1317 (quod
571 1245 749 1302 notissImnm
772 1249 823 1310 est,
858 1243 913 1300 sibi
934 1243 1065 1301 constitit
1086 1249 1116 1301 et
1137 1241 1329 1315 Phylarchum
1351 1243 1380 1298 11

237 1348 304 1403 ritis
326 1346 435 1418 Agidis,
459 1346 626 1420 Cleomenis,
648 1344 740 1413 Arati,
762 1341 868 1415 Pyrrhi
883 1343 907 1411 ι)
930 1343 1089 1402 scribendis
1119 1360 1174 1402 non
1207 1360 1274 1402 raro
1298 1342 1379 1401 adhi-

239 1447 308 1504 buit.
353 1447 396 1504 Ac
418 1454 494 1505 certe
516 1445 579 1516 bis,
610 1446 738 1516 quamvis
768 1446 882 1502 nomine
904 1459 961 1502 non
991 1445 1107 1517 addito,
1136 1445 1323 1503 Plutarchum
1346 1459 1382 1501 ex

238 1546 393 1618 Phylarchi
412 1547 542 1604 historiis
564 1545 592 1603 in
614 1545 669 1604 hac
688 1546 747 1602 rita
769 1543 897 1602 hausisse
918 1545 1005 1618 paulo
1027 1550 1094 1618 post
1114 1543 1276 1618 apparebit.

320 1648 381 1706 Neo
403 1647 479 1719 (quod
499 1647 636 1705 historiae
659 1645 812 1718 Phylarchi
842 1661 931 1718 usque
962 1646 998 1704 ad
1020 1663 1046 1704 a.
1069 1648 1129 1705 220
1158 1646 1297 1706 deductae
1319 1644 1381 1705 fere

240 1754 380 1823 putantur
400 1765 418 1805 a
438 1747 544 1821 Pyrrhi
577 1749 723 1805 invasione
749 1748 778 1804 in
808 1745 1035 1818 Peloponnesum
1057 1744 1135 1807 iacta
1163 1743 1297 1824 (1272)
1326 1749 1380 1805 111-

237 1852 308 1909 tium
342 1851 456 1924 cepisse,
490 1849 556 1908 iude
585 1854 627 1906 est
658 1865 708 1906 cnr
740 1845 901 1906 dantemus
929 1863 994 1905 eum
1025 1847 1219 1907 aPlutarcho
1252 1848 1382 1908 adhiberi

236 1951 361 2022 potuisse
383 1951 411 2008 iu
435 1951 575 2008 Demetrii
595 1951 663 2007 1111.
721 1948 795 2006 Nam
817 1949 849 2005 in
871 1947 1016 2006 nonnullis
1039 1948 1207 2023 fragmentis
1229 1950 1309 2006 istius
1330 1965 1381 2006 au-

225 2053 325 2110 ctoris
346 2067 392 2110 res
421 2057 488 2110 aute
518 2051 597 2108 illam
629 2049 839 2122 expeditionem
872 2047 965 2107 factae
997 2052 1208 2123 memorantur,
1240 2064 1325 2120 quam
1347 2046 1382 2107 ob

238 2167 351 2210 causam
372 2149 496 2224 luerunt,
520 2153 569 2224 qui
589 2153 646 2209 iam
669 2151 704 2209 ab
718 2149 879 2208 Alexandri
894 2149 995 2223 Magni
1017 2151 1100 2223 regni
1121 2149 1211 2208 initiis
1233 2150 1278 2210 vel
1291 2155 1383 2210 morte

238 2253 428 2325 Phylarchum
462 2253 605 2312 scribendi
637 2253 748 2311 initium
781 2250 884 2309 fecisse
918 2253 1115 2323 opinarentur.
1166 2250 1275 2309 Tamen
1296 2253 1382 2325 vulgo

240 2369 274 2409 ea
295 2355 436 2410 sententia
456 2355 546 2426 magis
568 2346 740 2425 probatur²)
763 2369 824 2423 101,
855 2366 928 2423 qnae
951 2357 1018 2410 ante
1040 2350 1146 2424 Pyrrhi
1167 2352 1378 2425 expeditionem

239 2449 332 2511 factae
353 2457 555 2524 memorantur,
578 2452 683 2511 abillo
706 2451 797 2511 obIter
821 2457 933 2511 tantum
954 2456 1094 2533 tractatas
1116 2469 1186 2511 esse.
1231 2453 1332 2524 Quem,
1355 2456 1380 2510 si

239 2570 257 2611 a
277 2553 383 2625 Pyrrhi
403 2553 584 2627 expeditione
605 2553 655 2613 illa
676 2569 793 2612 exorsus
815 2560 873 2626 est,
904 2553 990 2613 etlam
1020 2553 1055 2612 de
1085 2553 1183 2626 priore
1212 2555 1273 2612 eins
1288 2624 1291 2631 Ι
1305 2555 1382 2626 regis

238 2653 297 2710 rita
318 2654 380 2713 loco
402 2655 497 2727 aliquo
519 2661 588 2726 apto
609 2655 736 2714 locutum
758 2671 819 2713 esse
841 2657 904 2713 lure
929 2661 1090 2729 exspectes.
1140 2656 1203 2726 Qua
1231 2655 1381 2714 occasione

240 2751 308 2809 data
329 2751 468 2811 Demetrii
490 2756 663 2814 mentionem
684 2754 790 2816 factam
809 2773 872 2815 esse
896 2773 959 2816 cum
981 2762 1010 2816 et
1033 2774 1084 2828 per
1107 2772 1155 2831 se,
1192 2757 1296 2829 quippe
1318 2772 1382 2814 cum

240 2850 353 2924 Pyrrho
372 2851 466 2911 affinis
487 2859 516 2911 et
537 2856 663 2926 aequalis
684 2856 785 2927 fuerit,
820 2859 856 2914 sit
886 2859 946 2915 reri
980 2857 1071 2916 simile
1103 2863 1133 2916 et
1156 2874 1190 2916 ex
1212 2854 1266 2930 trg.
1290 2857 1318 2912 o.
1342 2858 1382 2913 29

241 2951 290 3026 (de
323 2952 423 3024 quibus
456 2954 554 3012 statim
585 2944 720 3028 agetur),
751 2959 789 3013 20
824 2958 868 3026 (in
905 2974 961 3029 qno
996 2958 1159 3017 Demetrius
1197 2943 1382 3038 φιλόγελως

242 3053 417 3127 appellatur)
449 3055 650 3129 intellegatur,
685 3055 816 3127 equidem
854 3060 981 3129 suspicor
1012 3057 1203 3132 Phylarchum
1235 3062 1382 3117 rhetorum

241 3148 361 3231 modo²l
394 3156 514 3214 duorum
547 3157 667 3216 istorum
699 3157 802 3216 dueum
836 3160 1081 3229 comparationem
1115 3162 1243 3219 historiis
1263 3162 1320 3219 suis
1341 3162 1383 3218 in-

243 3258 364 3316 seruisse
395 3262 425 3315 et
445 3257 480 3314 in·
506 3273 627 3316 excursu
648 3258 767 3318 11101101
791 3273 839 3316 101
862 3263 957 3331 gestas
981 3276 1044 3318 cum
1067 3261 1183 3320 alterins
1206 3279 1239 3321 ea
1270 3263 1383 3320 rationo

244 3359 408 3430 contulisse,
430 3376 485 3432 qua
506 3359 588 3418 Dem.
610 3374 634 3417 c.
656 3361 693 3416 41
719 3375 779 3434 sqq.
802 3359 911 3418 factum
933 3374 997 3418 esse
1020 3364 1218 3437 cognovaus3
1243 3377 1384 3436 quaeres

244 3476 420 3532 nequaquam
442 3461 569 3534 impedit,
589 3462 738 3534 quominus
759 3460 837 3520 idem
858 3462 981 3532 scriptor
992 3467 1145 3533 praeterea
1165 3464 1195 3521 in
1217 3465 1280 3523 aliis
1301 3462 1383 3522 libris

243 3559 352 3621 facetos
374 3563 510 3636 quasdam
532 3578 615 3622 voces
636 3562 778 3623 Demetrii
799 3563 844 3621 vel
867 3562 970 3620 similia
995 3566 1267 3624 commemoraverit.

326 3663 400 3723 Nam
438 3666 565 3737 quamvis
597 3680 736 3737 nusquam
766 3664 874 3723 diserte
904 3663 1015 3722 dicatur
1037 3662 1073 3722 de
1091 3662 1238 3724 Demetrio
1260 3667 1384 3741 maligne

244 3736 371 3822 iudicare
391 3762 585 3837 Phylarchus,
618 3771 724 3839 tamen,
758 3781 823 3824 cum
844 3764 950 3824 bellum
972 3782 990 3823 a
1012 3763 1164 3824 Cleomene
1185 3781 1238 3836 pro
1271 3771 1384 3838 patriae

244 3863 379 3925 libertate
407 3870 570 3937 susceptum
592 3883 700 3927 summo
731 3867 826 3927 studio
848 3867 1030 3941 descripserit
1059 3865 1306 3954 Macedonumque
1334 3869 1384 3926 do-

365 4042 447 4049 .-.—

314 4128 333 4193 ¹)
352 4127 481 4186 Muller
498 4127 518 4201 I,
538 4128 647 4200 LXXX,
676 4137 702 4186 et
722 4133 754 4187 A.
773 4132 928 4199 Schaler,
958 4130 1048 4186 Abriss
1066 4133 1113 4185 der
1132 4129 1322 4196 Qucllcnltuade
1340 4130 1386 4183 dar

243 4214 416 4284 griechischen
436 4218 582 4272 Geschr'chtc
604 4219 641 4272 bis
659 4220 711 4286 aas
724 4222 851 4290 Polybioa
868 4220 942 4289 Lips.
962 4220 1038 4284 1873,
1055 4237 1081 4288 p.
1100 4219 1142 4273 98.
1404 4213 1406 4215 ’

317 4303 336 4372 ²)
355 4303 389 4359 of.
408 4305 440 4358 de
457 4307 536 4360 variis
554 4309 689 4362 sententiis
707 4309 831 4362 Mulier
850 4309 871 4378 l,
890 4309 1042 4363 LXXVIII.

312 4393 335 4460 8)
355 4392 440 4446 Simili
467 4395 574 4449 consilio
602 4397 733 4465 componit
761 4397 884 4466 Ephorus
901 4396 1059 4451 Pausaniam
1087 4390 1384 4464 11Α111111111(1)1011.

243 4475 292 4544 XI,
310 4477 363 4547 46),
382 4481 582 4537 Themistoclem
600 4489 627 4537 ot
645 4483 775 4539 Cimonem
795 4482 840 4554 lid.
858 4483 893 4537 ib.
913 4501 937 4537 0.
957 4482 992 4537 54
1010 4499 1067 4552 sqq.
1086 4490 1150 4538 010.
1167 4483 1202 4538 60
1219 4482 1295 4551 sqql.

292 4571 569 4626 Moerschbacher,
583 4576 727 4619 Plutarchus
742 4577 766 4618 in
780 4577 830 4620 1111
846 4577 969 4621 Demetrii.
1273 4579 1286 4618 3
1392 4600 1398 4604 ·
