3250 5109
707 435 855 519 „h-

208 635 329 694 sendum
349 637 400 704 est,
424 633 500 704 quod
515 631 592 713 apud
606 631 765 691 Diodorum
789 629 882 704 (XIX,
901 629 971 700 100)
994 646 1052 702 sex,
1076 631 1153 702 apud
1167 630 1352 689 Plutarchum

209 738 250 806 (c.
275 737 309 803 7)
330 738 439 806 septem
470 732 547 789 milia
580 732 700 789 militum
731 733 760 788 in
789 725 949 803 Babylonia
980 729 1115 788 dicuntur
1145 731 1247 790 relicta
1280 738 1351 800 esse,

209 853 282 901 cum,
304 839 337 892 ut
358 836 388 892 in
409 832 493 891 huius
514 831 654 890 relatione
675 846 728 905 pro
757 823 1008 903 egentemque
1037 846 1135 889 errore
1156 830 1351 901 ἑπτακιςχι-

209 932 305 1000 λίους
326 934 464 1004 scriptum
486 947 546 990 esse
569 930 750 1000 arbitremur,
772 929 909 988 facillime
929 945 964 988 eo
984 930 1086 988 adduci
1105 933 1255 1004 possimus,
1277 932 1352 1004 quod

209 1038 268 1094 iam
290 1051 315 1092 c.
333 1035 350 1090 6
372 1030 540 1090 vocabulum
563 1024 837 1099 έπτακιςχιλιόυς
858 1030 973 1103 legitur.
1004 1029 1126 1089 Restant
1146 1029 1259 1089 numeri
1269 1032 1352 1090 Dem.
1467 1107 1469 1111 Ι

209 1152 235 1193 c.
261 1137 298 1192 16
328 1138 358 1191 et
378 1131 463 1190 Diod.
484 1132 550 1201 XX,
572 1132 676 1202 49'sq.
709 1137 739 1188 et
771 1131 808 1188 52
831 1146 873 1202 sq.
901 1130 1017 1201 traditi;
1050 1147 1121 1203 quos
1149 1131 1185 1190 de
1213 1131 1354 1190 Demetrii

210 1233 425 1303 Ptolemaeique
447 1229 592 1301 classibus
616 1229 652 1288 de
673 1230 809 1294 navibus.
838 1245 911 1302 qnae
932 1231 1045 1303 utrique
1066 1233 1097 1289 in
1117 1231 1229 1303 proelio
1257 1230 1355 1289 navali

209 1332 329 1403 luerint,
352 1331 453 1390 deinde
476 1328 511 1388 de
533 1329 694 1389 hominibus
724 1328 882 1403 rebusque,
912 1346 984 1401 quos
1013 1328 1196 1389 Ptolemaeus
1226 1331 1355 1389 amisisse

211 1432 326 1502 dicitur,
349 1429 470 1503 denique
491 1429 527 1488 de
548 1428 691 1502 peditibus
714 1434 743 1487 et
764 1429 922 1501 equitibus,
953 1432 1002 1502 qui
1023 1431 1053 1488 in
1073 1430 1166 1488 insula
1186 1447 1216 1489 se
1237 1430 1354 1490 dedide-

209 1536 286 1597 runt,
307 1532 430 1588 maxime
452 1527 568 1588 differre
590 1534 720 1603 apparet.
765 1531 912 1596 Attamen,
935 1530 1001 1602 quia
1022 1546 1086 1588 cum
1111 1528 1148 1588 de
1179 1530 1259 1599 aliis,
1292 1535 1354 1588 tum

209 1629 248 1689 de
268 1633 395 1690 numeris
417 1632 533 1689 navium
553 1630 679 1689 Menelai
710 1636 739 1689 et
768 1646 878 1702 earum,
911 1647 981 1703 quas
1001 1629 1166 1690 Demetrius
1200 1631 1242 1689 eis
1264 1645 1353 1702 oppo-
1440 1638 1442 1643 '

210 1731 310 1802 suerit,
333 1732 528 1801 consentiunt,
552 1747 609 1788 non
630 1735 689 1788 tam
704 1730 833 1788 diversos
854 1730 948 1794 tontes
969 1729 1125 1802 adhibitos,
1148 1745 1233 1802 quam
1254 1735 1304 1787 aut
1325 1730 1355 1786 in

210 1831 354 1889 alterutra
375 1834 427 1888 aut
447 1829 477 1886 iu
498 1834 621 1902 utraque
641 1830 784 1887 relatione
805 1846 937 1887 numeros
967 1833 997 1887 et
1019 1845 1065 1888 res
1086 1829 1132 1888 vel
1150 1846 1187 1888 ex
1207 1835 1289 1901 parte
1310 1827 1356 1884 vel

132 1911 135 1914 Α
213 1944 311 1986 omnes
330 1944 439 2001 parum·
452 1933 531 1987 recte
551 1928 675 1987 traditos
698 1945 758 1987 esse
786 1927 976 2002 probabiliter
997 1934 1170 1987 statuemus:
1205 1929 1257 1986 nisi
1279 1924 1355 1985 forte

214 2041 357 2098 numeros,
379 2026 415 2085 de
436 2025 536 2099 quibus
557 2028 661 2099 agitur,
685 2044 702 2086 a
724 2029 880 2087 Plutarcho
902 2045 939 2087 ex
957 2029 1014 2087 alio
1035 2026 1115 2088 fonte
1138 2045 1223 2101 quam
1243 2027 1353 2087 Diodo-

134 2160 138 2169 ·
214 2143 278 2187 reos
298 2127 402 2200 petitos
423 2141 487 2184 esse
507 2127 569 2184 veri
589 2127 680 2184 simile
701 2127 798 2187 ducas.

295 2227 396 2299 Itaque
417 2225 637 2297 discrepantiae,
661 2243 731 2301 quas
754 2228 783 2285 in
804 2227 932 2286 medium
953 2227 1141 2300 protulimus,
1174 2244 1231 2286 non
1263 2228 1354 2300 impe·

212 2327 304 2393 diunt,
320 2327 470 2398 quominus
487 2324 521 2384 de
532 2329 673 2385 communi
695 2326 774 2386 fonte
790 2329 963 2401 cogitemus:
988 2328 1042 2384 nisi
1064 2327 1139 2399 quod
1153 2343 1260 2398 eorum,
1283 2343 1355 2398 quae

211 2428 323 2487 tradita
342 2425 379 2485 ab
394 2431 530 2498 utroque
544 2431 663 2484 auctore
683 2426 847 2498 invenimus,
880 2443 948 2499 pars
968 2426 1006 2484 ab
1029 2427 1171 2484 alterutro
1192 2428 1237 2484 vel
1259 2427 1356 2500 negle-

211 2527 313 2600 gentia
334 2527 393 2596 rel,
427 2527 532 2599 quiae
552 2526 700 2599 proposito
722 2526 817 2584 aliena
837 2524 999 2602 uideretur,
1031 2528 1151 2600 omissa,
1172 2541 1241 2598 pars
1263 2527 1356 2593 minus

212 2631 349 2687 accurate
369 2628 524 2685 memoriae
544 2626 661 2700 prodita
686 2613 921 2686 etsestatuenda
942 2631 993 2684 est.
1038 2626 1133 2698 Atque
1157 2644 1220 2686 cum
1232 2613 1356 2685 'Plutar-

211 2725 285 2785 chus
307 2743 365 2786 non
385 2728 475 2787 semel
495 2728 527 2784 in·
547 2742 662 2785 errores
683 2726 833 2798 inciderit,
869 2742 906 2785 ne
926 2727 1086 2787 Diodorum
1114 2725 1245 2800 quidem,
1279 2728 1358 2786 cuius

213 2827 382 2886 relationem
405 2826 510 2884 adres
532 2826 569 2885 ab
601 2826 650 2885 illo
681 2827 782 2886 allatas
816 2827 1020 2885 examinandas
1053 2828 1151 2900 magni
1181 2829 1268 2898 pretii
1297 2842 1358 2885 esse

213 2930 347 2999 apparet,
380 2927 524 2984 constanti
546 2927 695 3000 diligentia
728 2926 762 2986 de
794 2926 882 2984 rebus
914 2928 1004 3001 gestis
1036 2926 1181 2986 rettulisse
1211 2927 1358 3000 complura

213 3026 346 3099 exempla
367 3026 534 3086 docueruut.
1386 3093 1389 3104 ,

299 3128 396 3186 Pauca
417 3126 500 3199 addo,
525 3143 597 3200 quac
620 3127 720 3188 eodem
735 3131 877 3201 spectant,
900 3126 936 3184 de
957 3123 1044 3184 rebus
1065 3123 1235 3198 quibusdam
1256 3127 1284 3184 in
1306 3144 1357 3200 po·

216 3227 338 3289 steriore
360 3228 501 3286 Demetrii
520 3229 596 3286 uitae
618 3234 701 3300 parte
722 3227 848 3286 traditis.
898 3226 994 3299 Atque
1021 3227 1160 3299 primum,
1190 3227 1266 3299 quod
1291 3228 1358 3285 Plu-

214 3327 349 3390 tarchus,
365 3345 388 3386 o.
424 3330 461 3387 36
478 3328 502 3399 ¹)
534 3329 731 3388 Alexandrum
765 3327 884 3386 Larisae
919 3330 1023 3412 iterum
1056 3327 1203 3386 Demetrio
1242 3328 1359 3388 insidias

287 3499 307 3565 ¹)
326 3497 401 3565 Quod
420 3514 480 3554 cum
497 3499 573 3553 Dem.
591 3514 613 3551 c.
631 3499 666 3556 36
684 3506 711 3554 et
727 3499 761 3555 37
784 3500 848 3553 satis
865 3504 1010 3568 congruunt
1036 3498 1128 3567 Pyrrh.
1147 3515 1169 3554 c.
1188 3499 1205 3552 6
1229 3500 1282 3550 reio
1299 3503 1359 3551 Κα-

217 3572 336 3656 όάνδρου
355 3617 387 3625 -
405 3578 574 3657 Ἀντίπατρον
593 3591 618 3639 et
636 3603 658 3640 c.
681 3586 696 3638 7
723 3588 762 3653 τῷ
781 3585 809 3637 δὲ
827 3576 987 3656 Ἀλεξάνδρῳ
1005 3615 1039 3625 -
1057 3585 1238 3651 Μακεδονίας,
1263 3585 1309 3640 ubi
1327 3586 1359 3640 de

217 3668 315 3724 el'sdem
333 3673 409 3728 rebus
428 3674 529 3742 agitur,
557 3671 609 3726 has
625 3672 721 3742 Pyrrhi
740 3673 809 3726 vitae
826 3679 914 3740 partes
931 3689 983 3727 non
1000 3687 1073 3727 secus
1090 3678 1172 3741 atque
1189 3672 1247 3727 illas
1265 3674 1358 3727 Deme·

216 3756 261 3810 trii
279 3759 348 3814 vitae
366 3766 393 3814 et
409 3760 483 3828 ipsae
505 3774 538 3813 ex
556 3760 685 3814 communi
701 3757 811 3812 Diodori
829 3764 855 3812 et
872 3757 1005 3812 Plutarchi
1028 3757 1100 3811 fonte
1117 3758 1214 3827 petitas
1230 3772 1288 3812 esse
1306 3763 1359 3812 eta-

215 3852 275 3907 tuo,
293 3860 377 3914 neque
400 3847 528 3900 assentior
548 3844 848 3913 Muellemeistero,
876 3844 921 3911 qui
947 3843 990 3912 (de
1015 3843 1135 3898 fontibus
1163 3845 1240 3914 Pyrri
1257 3844 1358 3898 Plutar-

209 3931 283 3997 chei,
312 3933 384 3988 Gott.
403 3931 480 4001 1874,
507 3948 534 4000 p.
553 3931 586 3988 13
605 3945 671 4001 sqq.)
689 3931 826 3985 Timaeum
851 3929 883 3984 de
907 3930 944 3984 eis
968 3930 1103 3983 Plutarchi
1124 3937 1256 3984 auctorem
1278 3930 1359 3984 fuisse

215 4018 356 4074 contendit.
374 4048 408 4059 -
426 4018 557 4087 Ceterum,
585 4019 657 4087 quod
674 4017 751 4073 Diod.
769 4017 834 4071 XXI
852 4016 904 4085 irg.
922 4017 937 4070 7
956 4016 1057 4083 priores
1078 4015 1224 4070 Alexandri
1249 4015 1359 4070 insidiae

136 4114 139 4121 ’
202 4105 381 4171 ,omittuntua
400 4106 428 4159 in
446 4120 476 4158 eo
494 4104 591 4160 idcirco
609 4105 742 4161 offendere
761 4119 812 4158 non
830 4104 898 4172 licet,
918 4102 987 4171 quod
1005 4103 1087 4157 solum
1105 4102 1283 4172 fragmentum
1299 4116 1359 4157 ser·

214 4196 305 4244 vatum
323 4196 370 4260 est,
389 4206 473 4259 neque
491 4190 553 4244 inde
572 4191 604 4245 de
621 4190 688 4246 libro
707 4193 809 4258 integro
827 4189 967 4257 quidquam
984 4189 1151 4244 statuendum
1169 4196 1217 4244 est
1259 4187 1360 4243 Ibidem

211 4292 320 4345 parurn¹
337 4277 509 4345 probabiliter
536 4277 668 4333 Diodorus
695 4277 764 4332 solus
791 4276 872 4330 etiam
895 4275 1065 4342 Antipatrum
1081 4292 1098 4329 a
1115 4275 1247 4330 Demetrio
1273 4274 1359 4330 inter-

214 4363 314 4418 fectum
331 4378 389 4442 esse
407 4364 507 4433 tradit;
525 4365 579 4418 veri
597 4361 708 4419 similius
726 4362 844 4416 Iustinus
862 4361 945 4433 (XVI,
965 4363 991 4430 2)
1010 4360 1095 4417 refert
1112 4361 1263 4445 Lysimachi
1279 4376 1359 4431 opera

213 4450 242 4505 id
260 4450 358 4507 factum
376 4465 440 4506 esse.
