<?xml version="1.0" encoding="UTF-8"?>
<!DOCTYPE html PUBLIC "-//W3C//DTD XHTML 1.0 Transitional//EN"
    "http://www.w3.org/TR/xhtml1/DTD/xhtml1-transitional.dtd">
<html xmlns="http://www.w3.org/1999/xhtml" xml:lang="en" lang="en">
 <head>
  <title>
</title>
<meta http-equiv="Content-Type" content="text/html;charset=utf-8" />
  <meta name='ocr-system' content='tesseract 3.04.00' />
  <meta name='ocr-capabilities' content='ocr_page ocr_carea ocr_par ocr_line ocrx_word'/>
</head>
<body>
  <div class='ocr_page' id='page_1' title='image "./quibusfontibusp00moergoog_0019.png"; bbox 0 0 3250 5109; ppageno 0'>
   <div class='ocr_carea' id='block_1_1' title="bbox 735 408 924 516">
    <p class='ocr_par' dir='ltr' id='par_1_1' title="bbox 735 408 924 516">
     <span class='ocr_line' id='line_1_1' title="bbox 735 408 924 516; baseline 0 -32"><span class='ocrx_word' id='word_1_1' title='bbox 735 408 924 516; x_wconf 17' lang='lat' dir='ltr'><strong>*ra&#39;</strong></span> 
     </span>
    </p>
   </div>
   <div class='ocr_carea' id='block_1_2' title="bbox 896 522 911 559">
    <p class='ocr_par' dir='ltr' id='par_1_2' title="bbox 896 522 911 559">
     <span class='ocr_line' id='line_1_2' title="bbox 896 522 911 559; baseline 0 0"><span class='ocrx_word' id='word_1_2' title='bbox 896 522 911 559; x_wconf 70' lang='lat' dir='ltr'><strong>r*</strong></span> 
     </span>
    </p>
   </div>
   <div class='ocr_carea' id='block_1_3' title="bbox 190 625 1457 2003">
    <p class='ocr_par' dir='ltr' id='par_1_3' title="bbox 190 625 1449 1707">
     <span class='ocr_line' id='line_1_3' title="bbox 239 625 1382 701; baseline 0.002 -15"><span class='ocrx_word' id='word_1_3' title='bbox 239 642 362 686; x_wconf 78' lang='lat' dir='ltr'><strong>moveas.</strong></span> <span class='ocrx_word' id='word_1_4' title='bbox 405 625 547 684; x_wconf 82' lang='lat' dir='ltr'><strong>Nimirum</strong></span> <span class='ocrx_word' id='word_1_5' title='bbox 569 625 605 684; x_wconf 90' lang='lat' dir='ltr'><strong>ab</strong></span> <span class='ocrx_word' id='word_1_6' title='bbox 627 626 687 693; x_wconf 88' lang='lat' dir='ltr'><strong>illo,</strong></span> <span class='ocrx_word' id='word_1_7' title='bbox 709 642 792 698; x_wconf 90' lang='lat' dir='ltr'><strong>quem</strong></span> <span class='ocrx_word' id='word_1_8' title='bbox 813 633 934 700; x_wconf 90' lang='lat' dir='ltr'><strong>uterque</strong></span> <span class='ocrx_word' id='word_1_9' title='bbox 955 634 1102 687; x_wconf 78' lang='lat' dir='ltr'><strong>auctorem</strong></span> <span class='ocrx_word' id='word_1_10' title='bbox 1124 634 1237 687; x_wconf 89' lang='lat' dir='ltr'><strong>secutus</strong></span> <span class='ocrx_word' id='word_1_11' title='bbox 1259 637 1317 701; x_wconf 86' lang='lat' dir='ltr'><strong>est,</strong></span> <span class='ocrx_word' id='word_1_12' title='bbox 1340 633 1382 688; x_wconf 88' lang='lat' dir='ltr'><strong>ita</strong></span> 
     </span>
     <span class='ocr_line' id='line_1_4' title="bbox 238 726 1382 802; baseline 0.002 -16"><span class='ocrx_word' id='word_1_13' title='bbox 238 728 301 787; x_wconf 90' lang='lat' dir='ltr'><strong>fere</strong></span> <span class='ocrx_word' id='word_1_14' title='bbox 323 726 445 792; x_wconf 89' lang='lat' dir='ltr'><strong>relatum</strong></span> <span class='ocrx_word' id='word_1_15' title='bbox 467 741 528 784; x_wconf 86' lang='lat' dir='ltr'><strong>esse</strong></span> <span class='ocrx_word' id='word_1_16' title='bbox 548 726 727 798; x_wconf 88' lang='lat' dir='ltr'><strong>putabimus:</strong></span> <span class='ocrx_word' id='word_1_17' title='bbox 750 726 942 785; x_wconf 82' lang='lat' dir='ltr'>Athenienses</span> <span class='ocrx_word' id='word_1_18' title='bbox 964 743 1061 799; x_wconf 86' lang='lat' dir='ltr'><strong>naves,</strong></span> <span class='ocrx_word' id='word_1_19' title='bbox 1085 744 1148 785; x_wconf 92' lang='lat' dir='ltr'><strong>cum</strong></span> <span class='ocrx_word' id='word_1_20' title='bbox 1170 732 1382 802; x_wconf 88' lang='lat' dir='ltr'><strong>appropinqua·</strong></span> 
     </span>
     <span class='ocr_line' id='line_1_5' title="bbox 239 812 1382 900; baseline 0 -14"><span class='ocrx_word' id='word_1_21' title='bbox 239 812 322 898; x_wconf 72' lang='lat' dir='ltr'><strong>reui,</strong></span> <span class='ocrx_word' id='word_1_22' title='bbox 354 827 480 900; x_wconf 90' lang='lat' dir='ltr'><strong>primum</strong></span> <span class='ocrx_word' id='word_1_23' title='bbox 502 825 660 885; x_wconf 81' lang='lat' dir='ltr'><strong>Ptolemaei</strong></span> <span class='ocrx_word' id='word_1_24' title='bbox 691 843 754 886; x_wconf 90' lang='lat' dir='ltr'><strong>esse</strong></span> <span class='ocrx_word' id='word_1_25' title='bbox 787 825 943 885; x_wconf 83' lang='lat' dir='ltr'><strong>arbitratos</strong></span> <span class='ocrx_word' id='word_1_26' title='bbox 975 843 1072 886; x_wconf 89' lang='lat' dir='ltr'><strong>errore</strong></span> <span class='ocrx_word' id='word_1_27' title='bbox 1105 829 1201 899; x_wconf 90' lang='lat' dir='ltr'><strong>agnito</strong></span> <span class='ocrx_word' id='word_1_28' title='bbox 1233 829 1382 887; x_wconf 84' lang='lat' dir='ltr'><strong>Demetrio</strong></span> 
     </span>
     <span class='ocr_line' id='line_1_6' title="bbox 190 922 1381 1005; baseline 0.002 -19"><span class='ocrx_word' id='word_1_29' title='bbox 190 922 206 942; x_wconf 68' lang='lat'><strong>&#39;¹</strong></span> <span class='ocrx_word' id='word_1_30' title='bbox 240 928 391 992; x_wconf 85' lang='lat' dir='ltr'><strong>restitisse,</strong></span> <span class='ocrx_word' id='word_1_31' title='bbox 414 925 463 984; x_wconf 91' lang='lat' dir='ltr'><strong>sed</strong></span> <span class='ocrx_word' id='word_1_32' title='bbox 484 926 708 998; x_wconf 82' lang='lat' dir='ltr'><strong>proclamatione</strong></span> <span class='ocrx_word' id='word_1_33' title='bbox 730 927 789 984; x_wconf 92' lang='lat' dir='ltr'><strong>eius</strong></span> <span class='ocrx_word' id='word_1_34' title='bbox 810 924 888 985; x_wconf 84' lang='lat' dir='ltr'><strong>facta</strong></span> <span class='ocrx_word' id='word_1_35' title='bbox 909 928 1059 1000; x_wconf 90' lang='lat' dir='ltr'><strong>plerosque</strong></span> <span class='ocrx_word' id='word_1_36' title='bbox 1074 926 1228 1002; x_wconf 88' lang='lat' dir='ltr'><strong>confligere</strong></span> <span class='ocrx_word' id='word_1_37' title='bbox 1248 929 1381 1005; x_wconf 89' lang='lat' dir='ltr'><strong>noluisse,</strong></span> 
     </span>
     <span class='ocr_line' id='line_1_7' title="bbox 240 1025 1383 1100; baseline 0.003 -16"><span class='ocrx_word' id='word_1_38' title='bbox 240 1028 345 1100; x_wconf 85' lang='lat' dir='ltr'><strong>quippe</strong></span> <span class='ocrx_word' id='word_1_39' title='bbox 368 1040 440 1097; x_wconf 89' lang='lat' dir='ltr'><strong>quos</strong></span> <span class='ocrx_word' id='word_1_40' title='bbox 462 1025 651 1084; x_wconf 87' lang='lat' dir='ltr'><strong>Macedonum</strong></span> <span class='ocrx_word' id='word_1_41' title='bbox 677 1032 706 1084; x_wconf 90' lang='lat' dir='ltr'><strong>et</strong></span> <span class='ocrx_word' id='word_1_42' title='bbox 727 1025 867 1084; x_wconf 89' lang='lat' dir='ltr'><strong>Demetrii</strong></span> <span class='ocrx_word' id='word_1_43' title='bbox 888 1027 1022 1086; x_wconf 88' lang='lat' dir='ltr'><strong>Phalerei</strong></span> <span class='ocrx_word' id='word_1_44' title='bbox 1043 1027 1189 1100; x_wconf 72' lang='lat' dir='ltr'><strong>taederet,</strong></span> <span class='ocrx_word' id='word_1_45' title='bbox 1222 1029 1275 1086; x_wconf 92' lang='lat' dir='ltr'><strong>hos</strong></span> <span class='ocrx_word' id='word_1_46' title='bbox 1307 1029 1383 1100; x_wconf 90' lang='lat' dir='ltr'><strong>ipsos</strong></span> 
     </span>
     <span class='ocr_line' id='line_1_8' title="bbox 238 1127 1449 1201; baseline 0.002 -16"><span class='ocrx_word' id='word_1_47' title='bbox 238 1127 355 1185; x_wconf 87' lang='lat' dir='ltr'><strong>sortiter</strong></span> <span class='ocrx_word' id='word_1_48' title='bbox 375 1139 528 1198; x_wconf 84' lang='lat' dir='ltr'><strong>pugnasse,</strong></span> <span class='ocrx_word' id='word_1_49' title='bbox 550 1131 663 1184; x_wconf 87' lang='lat' dir='ltr'><strong>coactos</strong></span> <span class='ocrx_word' id='word_1_50' title='bbox 674 1141 742 1184; x_wconf 83' lang='lat' dir='ltr'><strong>uero</strong></span> <span class='ocrx_word' id='word_1_51' title='bbox 759 1142 824 1184; x_wconf 90' lang='lat' dir='ltr'><strong>esse</strong></span> <span class='ocrx_word' id='word_1_52' title='bbox 835 1127 939 1184; x_wconf 88' lang='lat' dir='ltr'><strong>Piraeo</strong></span> <span class='ocrx_word' id='word_1_53' title='bbox 954 1127 1055 1185; x_wconf 91' lang='lat' dir='ltr'><strong>relicto</strong></span> <span class='ocrx_word' id='word_1_54' title='bbox 1069 1143 1099 1184; x_wconf 92' lang='lat' dir='ltr'><strong>se</strong></span> <span class='ocrx_word' id='word_1_55' title='bbox 1113 1129 1257 1201; x_wconf 85' lang='lat' dir='ltr'><strong>recipere3</strong></span> <span class='ocrx_word' id='word_1_56' title='bbox 1281 1129 1382 1187; x_wconf 88' lang='lat' dir='ltr'><strong>deinde</strong></span> <span class='ocrx_word' id='word_1_57' title='bbox 1446 1156 1449 1163; x_wconf 92' lang='lat'>·</span> 
     </span>
     <span class='ocr_line' id='line_1_9' title="bbox 240 1224 1381 1302; baseline 0.002 -17"><span class='ocrx_word' id='word_1_58' title='bbox 240 1225 397 1285; x_wconf 83' lang='lat' dir='ltr'><strong>Cassandri</strong></span> <span class='ocrx_word' id='word_1_59' title='bbox 417 1224 561 1297; x_wconf 88' lang='lat' dir='ltr'><strong>praesidio</strong></span> <span class='ocrx_word' id='word_1_60' title='bbox 585 1226 756 1299; x_wconf 85' lang='lat' dir='ltr'><strong>Munychiae</strong></span> <span class='ocrx_word' id='word_1_61' title='bbox 789 1226 826 1285; x_wconf 90' lang='lat' dir='ltr'><strong>ad</strong></span> <span class='ocrx_word' id='word_1_62' title='bbox 848 1227 994 1285; x_wconf 90' lang='lat' dir='ltr'><strong>castellum</strong></span> <span class='ocrx_word' id='word_1_63' title='bbox 1017 1226 1223 1286; x_wconf 86' lang='lat' dir='ltr'><strong>defendendum</strong></span> <span class='ocrx_word' id='word_1_64' title='bbox 1245 1245 1275 1287; x_wconf 89' lang='lat' dir='ltr'><strong>se</strong></span> <span class='ocrx_word' id='word_1_65' title='bbox 1296 1244 1381 1302; x_wconf 90' lang='lat' dir='ltr'><strong>prae·</strong></span> 
     </span>
     <span class='ocr_line' id='line_1_10' title="bbox 238 1323 1381 1400; baseline 0.003 -17"><span class='ocrx_word' id='word_1_66' title='bbox 238 1330 361 1398; x_wconf 88' lang='lat' dir='ltr'><strong>parante</strong></span> <span class='ocrx_word' id='word_1_67' title='bbox 393 1323 565 1385; x_wconf 88' lang='lat' dir='ltr'><strong>Phalereum</strong></span> <span class='ocrx_word' id='word_1_68' title='bbox 598 1326 745 1399; x_wconf 88' lang='lat' dir='ltr'><strong>sociosque</strong></span> <span class='ocrx_word' id='word_1_69' title='bbox 781 1326 840 1385; x_wconf 88' lang='lat' dir='ltr'><strong>eius</strong></span> <span class='ocrx_word' id='word_1_70' title='bbox 872 1326 908 1383; x_wconf 91' lang='lat' dir='ltr'><strong>de</strong></span> <span class='ocrx_word' id='word_1_71' title='bbox 946 1327 1079 1400; x_wconf 82' lang='lat' dir='ltr'><strong>pactione</strong></span> <span class='ocrx_word' id='word_1_72' title='bbox 1111 1330 1260 1399; x_wconf 87' lang='lat' dir='ltr'><strong>cogitasse.</strong></span> <span class='ocrx_word' id='word_1_73' title='bbox 1310 1330 1381 1400; x_wconf 89' lang='lat' dir='ltr'><strong>lam,</strong></span> 
     </span>
     <span class='ocr_line' id='line_1_11' title="bbox 239 1424 1383 1500; baseline 0.002 -15"><span class='ocrx_word' id='word_1_74' title='bbox 239 1437 314 1498; x_wconf 85' lang='lat' dir='ltr'><strong>quae</strong></span> <span class='ocrx_word' id='word_1_75' title='bbox 334 1425 370 1484; x_wconf 91' lang='lat' dir='ltr'><strong>de</strong></span> <span class='ocrx_word' id='word_1_76' title='bbox 390 1424 608 1483; x_wconf 88' lang='lat' dir='ltr'><strong>Atheniensium</strong></span> <span class='ocrx_word' id='word_1_77' title='bbox 632 1425 736 1498; x_wconf 89' lang='lat' dir='ltr'><strong>legatis</strong></span> <span class='ocrx_word' id='word_1_78' title='bbox 759 1430 788 1483; x_wconf 92' lang='lat' dir='ltr'><strong>et</strong></span> <span class='ocrx_word' id='word_1_79' title='bbox 809 1426 845 1484; x_wconf 91' lang='lat' dir='ltr'><strong>de</strong></span> <span class='ocrx_word' id='word_1_80' title='bbox 859 1425 1043 1486; x_wconf 88' lang='lat' dir='ltr'><strong>Aristodemo</strong></span> <span class='ocrx_word' id='word_1_81' title='bbox 1064 1425 1099 1484; x_wconf 91' lang='lat' dir='ltr'><strong>ab</strong></span> <span class='ocrx_word' id='word_1_82' title='bbox 1120 1432 1244 1500; x_wconf 91' lang='lat' dir='ltr'><strong>utroque</strong></span> <span class='ocrx_word' id='word_1_83' title='bbox 1264 1429 1383 1488; x_wconf 89' lang='lat' dir='ltr'><strong>tradun-</strong></span> 
     </span>
     <span class='ocr_line' id='line_1_12' title="bbox 241 1525 1385 1600; baseline 0.003 -17"><span class='ocrx_word' id='word_1_84' title='bbox 241 1531 299 1596; x_wconf 89' lang='lat' dir='ltr'><strong>tur,</strong></span> <span class='ocrx_word' id='word_1_85' title='bbox 322 1539 415 1597; x_wconf 88' lang='lat' dir='ltr'><strong>neque</strong></span> <span class='ocrx_word' id='word_1_86' title='bbox 437 1539 554 1596; x_wconf 92' lang='lat' dir='ltr'><strong>prorsus</strong></span> <span class='ocrx_word' id='word_1_87' title='bbox 576 1530 738 1599; x_wconf 88' lang='lat' dir='ltr'><strong>congruunt</strong></span> <span class='ocrx_word' id='word_1_88' title='bbox 768 1530 797 1583; x_wconf 93' lang='lat' dir='ltr'><strong>et</strong></span> <span class='ocrx_word' id='word_1_89' title='bbox 826 1525 910 1583; x_wconf 85' lang='lat' dir='ltr'><strong>facile</strong></span> <span class='ocrx_word' id='word_1_90' title='bbox 931 1527 1008 1585; x_wconf 89' lang='lat' dir='ltr'><strong>inter</strong></span> <span class='ocrx_word' id='word_1_91' title='bbox 1030 1543 1061 1584; x_wconf 92' lang='lat' dir='ltr'><strong>se</strong></span> <span class='ocrx_word' id='word_1_92' title='bbox 1081 1528 1240 1600; x_wconf 89' lang='lat' dir='ltr'><strong>iunguntur</strong></span> <span class='ocrx_word' id='word_1_93' title='bbox 1262 1533 1385 1600; x_wconf 86' lang='lat' dir='ltr'><strong>apteque</strong></span> 
     </span>
     <span class='ocr_line' id='line_1_13' title="bbox 243 1622 1186 1707; baseline 0 -23"><span class='ocrx_word' id='word_1_94' title='bbox 243 1625 399 1684; x_wconf 90' lang='lat' dir='ltr'><strong>coniuncta</strong></span> <span class='ocrx_word' id='word_1_95' title='bbox 420 1630 486 1684; x_wconf 88' lang='lat' dir='ltr'><strong>sunt</strong></span> <span class='ocrx_word' id='word_1_96' title='bbox 508 1641 526 1683; x_wconf 91' lang='lat' dir='ltr'><strong>a</strong></span> <span class='ocrx_word' id='word_1_97' title='bbox 547 1622 735 1698; x_wconf 88' lang='lat' dir='ltr'><strong>Droyseno</strong></span> <span class='ocrx_word' id='word_1_98' title='bbox 756 1626 794 1697; x_wconf 88' lang='lat' dir='ltr'><strong>(I,</strong></span> <span class='ocrx_word' id='word_1_99' title='bbox 817 1628 877 1684; x_wconf 85' lang='grc'><strong>435</strong></span> <span class='ocrx_word' id='word_1_100' title='bbox 900 1627 957 1699; x_wconf 92' lang='lat' dir='ltr'><strong>sq.)</strong></span> <span class='ocrx_word' id='word_1_101' title='bbox 982 1626 1006 1700; x_wconf 89' lang='grc'><strong>).</strong></span> <span class='ocrx_word' id='word_1_102' title='bbox 1183 1700 1186 1707; x_wconf 18' lang='lat'>³</span> 
     </span>
    </p>

    <p class='ocr_par' dir='ltr' id='par_1_4' title="bbox 241 1723 1457 2003">
     <span class='ocr_line' id='line_1_14' title="bbox 326 1723 1457 1800; baseline 0.004 -17"><span class='ocrx_word' id='word_1_103' title='bbox 326 1723 464 1784; x_wconf 88' lang='lat' dir='ltr'><strong>Venimus</strong></span> <span class='ocrx_word' id='word_1_104' title='bbox 485 1723 590 1783; x_wconf 89' lang='lat' dir='ltr'><strong>adres</strong></span> <span class='ocrx_word' id='word_1_105' title='bbox 611 1731 677 1797; x_wconf 93' lang='lat' dir='ltr'><strong>post</strong></span> <span class='ocrx_word' id='word_1_106' title='bbox 697 1725 812 1797; x_wconf 82' lang='lat' dir='ltr'><strong>bellum,</strong></span> <span class='ocrx_word' id='word_1_107' title='bbox 837 1727 911 1798; x_wconf 88' lang='lat' dir='ltr'><strong>quod</strong></span> <span class='ocrx_word' id='word_1_108' title='bbox 926 1727 1071 1800; x_wconf 88' lang='lat' dir='ltr'><strong>Antigono</strong></span> <span class='ocrx_word' id='word_1_109' title='bbox 1086 1728 1158 1785; x_wconf 92' lang='lat' dir='ltr'><strong>cum</strong></span> <span class='ocrx_word' id='word_1_110' title='bbox 1180 1727 1301 1786; x_wconf 91' lang='lat' dir='ltr'><strong>Rhodiis</strong></span> <span class='ocrx_word' id='word_1_111' title='bbox 1321 1726 1383 1786; x_wconf 86' lang='lat' dir='ltr'><strong>fue·</strong></span> <span class='ocrx_word' id='word_1_112' title='bbox 1452 1772 1457 1787; x_wconf 88' lang='lat'>.</span> 
     </span>
     <span class='ocr_line' id='line_1_15' title="bbox 241 1823 1385 1900; baseline 0.003 -18"><span class='ocrx_word' id='word_1_113' title='bbox 241 1829 298 1892; x_wconf 88' lang='lat' dir='ltr'><strong>rat,</strong></span> <span class='ocrx_word' id='word_1_114' title='bbox 318 1823 431 1883; x_wconf 86' lang='lat' dir='ltr'><strong>finitum</strong></span> <span class='ocrx_word' id='word_1_115' title='bbox 453 1823 577 1894; x_wconf 80' lang='lat' dir='ltr'><strong>(aestate</strong></span> <span class='ocrx_word' id='word_1_116' title='bbox 598 1823 660 1883; x_wconf 90' lang='lat' dir='ltr'><strong>fere</strong></span> <span class='ocrx_word' id='word_1_117' title='bbox 681 1842 708 1882; x_wconf 91' lang='lat' dir='ltr'><strong>a.</strong></span> <span class='ocrx_word' id='word_1_118' title='bbox 731 1825 804 1900; x_wconf 81' lang='grc'>304)</span> <span class='ocrx_word' id='word_1_119' title='bbox 826 1829 856 1884; x_wconf 92' lang='lat' dir='ltr'><strong>in</strong></span> <span class='ocrx_word' id='word_1_120' title='bbox 876 1827 998 1885; x_wconf 87' lang='lat' dir='ltr'><strong>Graecia</strong></span> <span class='ocrx_word' id='word_1_121' title='bbox 1020 1832 1130 1899; x_wconf 87' lang='lat' dir='ltr'><strong>gestas,</strong></span> <span class='ocrx_word' id='word_1_122' title='bbox 1155 1828 1191 1885; x_wconf 90' lang='lat' dir='ltr'><strong>de</strong></span> <span class='ocrx_word' id='word_1_123' title='bbox 1213 1827 1329 1900; x_wconf 90' lang='lat' dir='ltr'><strong>quibus,</strong></span> <span class='ocrx_word' id='word_1_124' title='bbox 1354 1834 1385 1886; x_wconf 92' lang='lat' dir='ltr'><strong>ut</strong></span> 
     </span>
     <span class='ocr_line' id='line_1_16' title="bbox 242 1921 1382 2003; baseline 0.004 -21"><span class='ocrx_word' id='word_1_125' title='bbox 242 1925 373 1997; x_wconf 88' lang='lat' dir='ltr'><strong>saepius,</strong></span> <span class='ocrx_word' id='word_1_126' title='bbox 405 1925 529 1983; x_wconf 89' lang='lat' dir='ltr'><strong>alterum</strong></span> <span class='ocrx_word' id='word_1_127' title='bbox 551 1924 718 1997; x_wconf 89' lang='lat' dir='ltr'><strong>scriptorem</strong></span> <span class='ocrx_word' id='word_1_128' title='bbox 750 1943 814 1985; x_wconf 91' lang='lat' dir='ltr'><strong>cum</strong></span> <span class='ocrx_word' id='word_1_129' title='bbox 847 1927 938 1984; x_wconf 88' lang='lat' dir='ltr'><strong>altero</strong></span> <span class='ocrx_word' id='word_1_130' title='bbox 970 1921 1068 2001; x_wconf 85' lang='lat' dir='ltr'><strong>[Dem.</strong></span> <span class='ocrx_word' id='word_1_131' title='bbox 1089 1942 1113 1984; x_wconf 91' lang='lat' dir='ltr'><strong>c.</strong></span> <span class='ocrx_word' id='word_1_132' title='bbox 1135 1927 1184 1992; x_wconf 85' lang='lat'><strong>23,</strong></span> <span class='ocrx_word' id='word_1_133' title='bbox 1207 1925 1292 1985; x_wconf 89' lang='lat' dir='ltr'><strong>Diod.</strong></span> <span class='ocrx_word' id='word_1_134' title='bbox 1315 1927 1382 2003; x_wconf 84' lang='lat' dir='ltr'><strong>XX,</strong></span> 
     </span>
    </p>
   </div>
   <div class='ocr_carea' id='block_1_4' title="bbox 151 2021 1383 2099">
    <p class='ocr_par' dir='ltr' id='par_1_5' title="bbox 151 2021 1383 2099">
     <span class='ocr_line' id='line_1_17' title="bbox 151 2021 1383 2099; baseline 0.003 -19"><span class='ocrx_word' id='word_1_135' title='bbox 151 2021 153 2028; x_wconf 90' lang='lat'>&#39;</span> <span class='ocrx_word' id='word_1_136' title='bbox 246 2023 319 2094; x_wconf 91' lang='grc'>100)</span> <span class='ocrx_word' id='word_1_137' title='bbox 339 2040 396 2084; x_wconf 90' lang='lat' dir='ltr'><strong>non</strong></span> <span class='ocrx_word' id='word_1_138' title='bbox 418 2026 581 2083; x_wconf 90' lang='lat' dir='ltr'><strong>consentire</strong></span> <span class='ocrx_word' id='word_1_139' title='bbox 602 2026 744 2089; x_wconf 87' lang='lat' dir='ltr'><strong>nemiuem</strong></span> <span class='ocrx_word' id='word_1_140' title='bbox 766 2025 854 2099; x_wconf 83' lang='lat' dir='ltr'><strong>sugit3</strong></span> <span class='ocrx_word' id='word_1_141' title='bbox 878 2021 1007 2085; x_wconf 85' lang='lat' dir='ltr'><strong>attamen</strong></span> <span class='ocrx_word' id='word_1_142' title='bbox 1021 2027 1109 2083; x_wconf 89' lang='lat' dir='ltr'><strong>etiam</strong></span> <span class='ocrx_word' id='word_1_143' title='bbox 1129 2024 1177 2083; x_wconf 91' lang='lat' dir='ltr'><strong>hic</strong></span> <span class='ocrx_word' id='word_1_144' title='bbox 1199 2027 1256 2083; x_wconf 89' lang='lat' dir='ltr'><strong>nisi</strong></span> <span class='ocrx_word' id='word_1_145' title='bbox 1277 2027 1383 2084; x_wconf 85' lang='lat' dir='ltr'><strong>utrius-</strong></span> 
     </span>
    </p>
   </div>
   <div class='ocr_carea' id='block_1_5' title="bbox 241 2125 1465 2987">
    <p class='ocr_par' dir='ltr' id='par_1_6' title="bbox 241 2125 1465 2987">
     <span class='ocr_line' id='line_1_18' title="bbox 243 2125 1384 2198; baseline 0.003 -17"><span class='ocrx_word' id='word_1_146' title='bbox 243 2139 299 2195; x_wconf 88' lang='lat' dir='ltr'><strong>que</strong></span> <span class='ocrx_word' id='word_1_147' title='bbox 319 2125 502 2198; x_wconf 80' lang='lat' dir='ltr'><strong>neglegentia</strong></span> <span class='ocrx_word' id='word_1_148' title='bbox 522 2125 733 2197; x_wconf 82' lang='lat' dir='ltr'><strong>discrepantiae</strong></span> <span class='ocrx_word' id='word_1_149' title='bbox 756 2143 843 2185; x_wconf 90' lang='lat' dir='ltr'><strong>causa</strong></span> <span class='ocrx_word' id='word_1_150' title='bbox 864 2142 921 2184; x_wconf 91' lang='lat' dir='ltr'><strong>non</strong></span> <span class='ocrx_word' id='word_1_151' title='bbox 942 2128 1055 2185; x_wconf 82' lang='lat' dir='ltr'><strong>videtur</strong></span> <span class='ocrx_word' id='word_1_152' title='bbox 1077 2143 1156 2196; x_wconf 89' lang='lat' dir='ltr'><strong>esse,</strong></span> <span class='ocrx_word' id='word_1_153' title='bbox 1179 2132 1208 2184; x_wconf 90' lang='lat' dir='ltr'><strong>et</strong></span> <span class='ocrx_word' id='word_1_154' title='bbox 1228 2126 1325 2184; x_wconf 89' lang='lat' dir='ltr'><strong>nescio</strong></span> <span class='ocrx_word' id='word_1_155' title='bbox 1347 2143 1384 2184; x_wconf 88' lang='lat' dir='ltr'><strong>an</strong></span> 
     </span>
     <span class='ocr_line' id='line_1_19' title="bbox 242 2224 1385 2298; baseline 0.003 -17"><span class='ocrx_word' id='word_1_156' title='bbox 242 2227 399 2283; x_wconf 88' lang='lat' dir='ltr'><strong>communis</strong></span> <span class='ocrx_word' id='word_1_157' title='bbox 430 2231 529 2284; x_wconf 88' lang='lat' dir='ltr'><strong>auctor</strong></span> <span class='ocrx_word' id='word_1_158' title='bbox 561 2226 729 2286; x_wconf 88' lang='lat' dir='ltr'><strong>tradiderit:</strong></span> <span class='ocrx_word' id='word_1_159' title='bbox 762 2227 943 2285; x_wconf 89' lang='lat' dir='ltr'><strong>Demetrium</strong></span> <span class='ocrx_word' id='word_1_160' title='bbox 975 2243 1046 2298; x_wconf 90' lang='lat' dir='ltr'><strong>pace</strong></span> <span class='ocrx_word' id='word_1_161' title='bbox 1077 2243 1139 2285; x_wconf 92' lang='lat' dir='ltr'><strong>cum</strong></span> <span class='ocrx_word' id='word_1_162' title='bbox 1168 2224 1288 2284; x_wconf 90' lang='lat' dir='ltr'><strong>Rhodiis</strong></span> <span class='ocrx_word' id='word_1_163' title='bbox 1307 2224 1385 2284; x_wconf 85' lang='lat' dir='ltr'><strong>facta</strong></span> 
     </span>
     <span class='ocr_line' id='line_1_20' title="bbox 243 2323 1383 2399; baseline 0.003 -19"><span class='ocrx_word' id='word_1_164' title='bbox 243 2323 365 2382; x_wconf 85' lang='lat' dir='ltr'><strong>navibus</strong></span> <span class='ocrx_word' id='word_1_165' title='bbox 387 2324 417 2380; x_wconf 88' lang='lat' dir='ltr'><strong>in</strong></span> <span class='ocrx_word' id='word_1_166' title='bbox 441 2325 593 2384; x_wconf 88' lang='lat' dir='ltr'><strong>Graeciam</strong></span> <span class='ocrx_word' id='word_1_167' title='bbox 615 2332 725 2386; x_wconf 85' lang='lat' dir='ltr'><strong>uectum</strong></span> <span class='ocrx_word' id='word_1_168' title='bbox 747 2329 870 2399; x_wconf 90' lang='lat' dir='ltr'><strong>primum</strong></span> <span class='ocrx_word' id='word_1_169' title='bbox 892 2327 1026 2386; x_wconf 88' lang='lat' dir='ltr'><strong>Aulidem</strong></span> <span class='ocrx_word' id='word_1_170' title='bbox 1048 2327 1182 2398; x_wconf 89' lang='lat' dir='ltr'><strong>petivisse</strong></span> <span class='ocrx_word' id='word_1_171' title='bbox 1204 2325 1383 2384; x_wconf 82' lang='lat' dir='ltr'><strong>Chalcidem·</strong></span> 
     </span>
     <span class='ocr_line' id='line_1_21' title="bbox 243 2423 1385 2500; baseline 0.002 -19"><span class='ocrx_word' id='word_1_172' title='bbox 243 2439 301 2494; x_wconf 86' lang='lat' dir='ltr'><strong>que</strong></span> <span class='ocrx_word' id='word_1_173' title='bbox 320 2423 467 2500; x_wconf 85' lang='lat' dir='ltr'><strong>liberasse,</strong></span> <span class='ocrx_word' id='word_1_174' title='bbox 491 2424 595 2483; x_wconf 88' lang='lat' dir='ltr'><strong>deinde</strong></span> <span class='ocrx_word' id='word_1_175' title='bbox 617 2425 809 2484; x_wconf 80' lang='lat' dir='ltr'><strong>Cassandrum</strong></span> <span class='ocrx_word' id='word_1_176' title='bbox 831 2427 922 2499; x_wconf 92' lang='lat' dir='ltr'><strong>ipsius</strong></span> <span class='ocrx_word' id='word_1_177' title='bbox 943 2426 1074 2492; x_wconf 89' lang='lat' dir='ltr'><strong>adventu,</strong></span> <span class='ocrx_word' id='word_1_178' title='bbox 1098 2431 1130 2482; x_wconf 94' lang='lat' dir='ltr'><strong>ut</strong></span> <span class='ocrx_word' id='word_1_179' title='bbox 1151 2427 1277 2484; x_wconf 89' lang='lat' dir='ltr'><strong>Atticam</strong></span> <span class='ocrx_word' id='word_1_180' title='bbox 1299 2426 1385 2483; x_wconf 88' lang='lat' dir='ltr'><strong>relin-</strong></span> 
     </span>
     <span class='ocr_line' id='line_1_22' title="bbox 242 2525 1384 2605; baseline 0.003 -24"><span class='ocrx_word' id='word_1_181' title='bbox 242 2529 353 2595; x_wconf 87' lang='lat' dir='ltr'><strong>queret,</strong></span> <span class='ocrx_word' id='word_1_182' title='bbox 375 2525 542 2584; x_wconf 89' lang='lat' dir='ltr'><strong>adductum.</strong></span> <span class='ocrx_word' id='word_1_183' title='bbox 564 2542 652 2598; x_wconf 89' lang='lat' dir='ltr'><strong>usquc</strong></span> <span class='ocrx_word' id='word_1_184' title='bbox 685 2526 722 2584; x_wconf 88' lang='lat' dir='ltr'><strong>ad</strong></span> <span class='ocrx_word' id='word_1_185' title='bbox 743 2525 952 2598; x_wconf 85' lang='lat' dir='ltr'><strong>Thermopylas</strong></span> <span class='ocrx_word' id='word_1_186' title='bbox 981 2530 1162 2599; x_wconf 88' lang='lat' dir='ltr'><strong>persecutum</strong></span> <span class='ocrx_word' id='word_1_187' title='bbox 1187 2541 1257 2583; x_wconf 90' lang='lat' dir='ltr'><strong>esse.</strong></span> <span class='ocrx_word' id='word_1_188' title='bbox 1282 2525 1384 2605; x_wconf 16' lang='lat' dir='ltr'><strong>&#39;Unde</strong></span> 
     </span>
     <span class='ocr_line' id='line_1_23' title="bbox 241 2623 1465 2704; baseline 0.002 -23"><span class='ocrx_word' id='word_1_189' title='bbox 241 2623 385 2682; x_wconf 89' lang='lat' dir='ltr'><strong>Heraclea</strong></span> <span class='ocrx_word' id='word_1_190' title='bbox 407 2623 478 2682; x_wconf 88' lang='lat' dir='ltr'><strong>urbe</strong></span> <span class='ocrx_word' id='word_1_191' title='bbox 499 2632 528 2683; x_wconf 91' lang='lat' dir='ltr'><strong>et</strong></span> <span class='ocrx_word' id='word_1_192' title='bbox 550 2625 743 2685; x_wconf 88' lang='lat' dir='ltr'><strong>Macedonum</strong></span> <span class='ocrx_word' id='word_1_193' title='bbox 763 2632 848 2700; x_wconf 89' lang='lat' dir='ltr'><strong>parte</strong></span> <span class='ocrx_word' id='word_1_194' title='bbox 882 2632 996 2684; x_wconf 89' lang='lat' dir='ltr'><strong>auctum</strong></span> <span class='ocrx_word' id='word_1_195' title='bbox 1018 2625 1139 2683; x_wconf 88' lang='lat' dir='ltr'><strong>eundem</strong></span> <span class='ocrx_word' id='word_1_196' title='bbox 1165 2624 1290 2684; x_wconf 87' lang='lat' dir='ltr'><strong>Graecos</strong></span> <span class='ocrx_word' id='word_1_197' title='bbox 1312 2625 1385 2684; x_wconf 90' lang='lat' dir='ltr'><strong>citra</strong></span> <span class='ocrx_word' id='word_1_198' title='bbox 1463 2701 1465 2704; x_wconf 16' lang='grc' dir='ltr'>Ι</span> 
     </span>
     <span class='ocr_line' id='line_1_24' title="bbox 242 2725 1383 2800; baseline 0.002 -18"><span class='ocrx_word' id='word_1_199' title='bbox 242 2725 450 2800; x_wconf 86' lang='lat' dir='ltr'><strong>Thermopylas</strong></span> <span class='ocrx_word' id='word_1_200' title='bbox 479 2731 600 2800; x_wconf 89' lang='lat' dir='ltr'><strong>agentes</strong></span> <span class='ocrx_word' id='word_1_201' title='bbox 621 2742 639 2785; x_wconf 88' lang='lat' dir='ltr'><strong>a</strong></span> <span class='ocrx_word' id='word_1_202' title='bbox 662 2726 1000 2799; x_wconf 82' lang='lat' dir='ltr'><strong>Cassandri-praesidiis</strong></span> <span class='ocrx_word' id='word_1_203' title='bbox 1026 2726 1162 2784; x_wconf 88' lang='lat' dir='ltr'><strong>liberasse</strong></span> <span class='ocrx_word' id='word_1_204' title='bbox 1193 2727 1383 2799; x_wconf 87' lang='lat' dir='ltr'><strong>Boeotosque,</strong></span> 
     </span>
     <span class='ocr_line' id='line_1_25' title="bbox 241 2822 1383 2902; baseline 0.001 -20"><span class='ocrx_word' id='word_1_205' title='bbox 241 2831 275 2883; x_wconf 92' lang='lat' dir='ltr'><strong>ut</strong></span> <span class='ocrx_word' id='word_1_206' title='bbox 295 2841 391 2884; x_wconf 88' lang='lat' dir='ltr'><strong>secum</strong></span> <span class='ocrx_word' id='word_1_207' title='bbox 412 2828 580 2886; x_wconf 88' lang='lat' dir='ltr'><strong>societatem</strong></span> <span class='ocrx_word' id='word_1_208' title='bbox 599 2827 715 2899; x_wconf 91' lang='lat' dir='ltr'><strong>inirent,</strong></span> <span class='ocrx_word' id='word_1_209' title='bbox 740 2822 883 2902; x_wconf 70' lang='lat' dir='ltr'><strong>coegisse3</strong></span> <span class='ocrx_word' id='word_1_210' title='bbox 907 2844 962 2898; x_wconf 93' lang='lat' dir='ltr'><strong>quo</strong></span> <span class='ocrx_word' id='word_1_211' title='bbox 983 2826 1061 2885; x_wconf 87' lang='lat' dir='ltr'><strong>facto</strong></span> <span class='ocrx_word' id='word_1_212' title='bbox 1083 2826 1211 2884; x_wconf 89' lang='lat' dir='ltr'><strong>Athenas</strong></span> <span class='ocrx_word' id='word_1_213' title='bbox 1233 2843 1295 2884; x_wconf 90' lang='lat' dir='ltr'><strong>eum</strong></span> <span class='ocrx_word' id='word_1_214' title='bbox 1316 2843 1383 2898; x_wconf 89' lang='lat' dir='ltr'><strong>pro·</strong></span> 
     </span>
     <span class='ocr_line' id='line_1_26' title="bbox 241 2922 1384 2987; baseline 0 -4"><span class='ocrx_word' id='word_1_215' title='bbox 241 2922 346 2984; x_wconf 81' lang='lat' dir='ltr'><strong>lectum</strong></span> <span class='ocrx_word' id='word_1_216' title='bbox 369 2942 429 2984; x_wconf 90' lang='lat' dir='ltr'><strong>esse</strong></span> <span class='ocrx_word' id='word_1_217' title='bbox 456 2933 486 2986; x_wconf 91' lang='lat' dir='ltr'><strong>et</strong></span> <span class='ocrx_word' id='word_1_218' title='bbox 506 2928 644 2987; x_wconf 88' lang='lat' dir='ltr'><strong>societate</strong></span> <span class='ocrx_word' id='word_1_219' title='bbox 676 2943 738 2984; x_wconf 92' lang='lat' dir='ltr'><strong>cum</strong></span> <span class='ocrx_word' id='word_1_220' title='bbox 760 2926 873 2985; x_wconf 90' lang='lat' dir='ltr'><strong>Aetolis</strong></span> <span class='ocrx_word' id='word_1_221' title='bbox 904 2925 982 2984; x_wconf 89' lang='lat' dir='ltr'><strong>facta</strong></span> <span class='ocrx_word' id='word_1_222' title='bbox 1012 2925 1118 2983; x_wconf 86' lang='lat' dir='ltr'><strong>bellum</strong></span> <span class='ocrx_word' id='word_1_223' title='bbox 1151 2941 1251 2983; x_wconf 92' lang='lat' dir='ltr'><strong>recens</strong></span> <span class='ocrx_word' id='word_1_224' title='bbox 1283 2930 1384 2983; x_wconf 89' lang='lat' dir='ltr'><strong>contra</strong></span> 
     </span>
    </p>
   </div>
   <div class='ocr_carea' id='block_1_6' title="bbox 151 3025 1385 3099">
    <p class='ocr_par' dir='ltr' id='par_1_7' title="bbox 151 3025 1385 3099">
     <span class='ocr_line' id='line_1_27' title="bbox 151 3025 1385 3099; baseline 0.002 -17"><span class='ocrx_word' id='word_1_225' title='bbox 151 3046 153 3051; x_wconf 63' lang='grc'>’</span> <span class='ocrx_word' id='word_1_226' title='bbox 241 3025 337 3085; x_wconf 87' lang='lat' dir='ltr'><strong>hostes</strong></span> <span class='ocrx_word' id='word_1_227' title='bbox 358 3042 486 3098; x_wconf 89' lang='lat' dir='ltr'><strong>parasse.</strong></span> <span class='ocrx_word' id='word_1_228' title='bbox 526 3026 607 3097; x_wconf 75' lang='lat' dir='ltr'><strong>Quod</strong></span> <span class='ocrx_word' id='word_1_229' title='bbox 630 3027 655 3084; x_wconf 92' lang='lat' dir='ltr'><strong>si</strong></span> <span class='ocrx_word' id='word_1_230' title='bbox 676 3026 774 3084; x_wconf 81' lang='lat' dir='ltr'><strong>ita‘ab</strong></span> <span class='ocrx_word' id='word_1_231' title='bbox 796 3029 945 3099; x_wconf 90' lang='lat' dir='ltr'><strong>utriusque</strong></span> <span class='ocrx_word' id='word_1_232' title='bbox 967 3026 1116 3097; x_wconf 89' lang='lat' dir='ltr'><strong>scriptoris</strong></span> <span class='ocrx_word' id='word_1_233' title='bbox 1137 3030 1253 3086; x_wconf 88' lang='lat' dir='ltr'><strong>auctore</strong></span> <span class='ocrx_word' id='word_1_234' title='bbox 1275 3042 1323 3084; x_wconf 86' lang='lat' dir='ltr'><strong>eas</strong></span> <span class='ocrx_word' id='word_1_235' title='bbox 1336 3041 1385 3086; x_wconf 89' lang='lat' dir='ltr'><strong>res</strong></span> 
     </span>
    </p>
   </div>
   <div class='ocr_carea' id='block_1_7' title="bbox 241 3124 1432 3400">
    <p class='ocr_par' dir='ltr' id='par_1_8' title="bbox 241 3124 1432 3400">
     <span class='ocr_line' id='line_1_28' title="bbox 242 3124 1383 3200; baseline 0.003 -18"><span class='ocrx_word' id='word_1_236' title='bbox 242 3131 392 3185; x_wconf 87' lang='lat' dir='ltr'><strong>enarratas</strong></span> <span class='ocrx_word' id='word_1_237' title='bbox 414 3142 476 3186; x_wconf 89' lang='lat' dir='ltr'><strong>esse</strong></span> <span class='ocrx_word' id='word_1_238' title='bbox 497 3128 680 3198; x_wconf 86' lang='lat' dir='ltr'><strong>concesseris,</strong></span> <span class='ocrx_word' id='word_1_239' title='bbox 703 3128 791 3185; x_wconf 90' lang='lat' dir='ltr'><strong>ctiam</strong></span> <span class='ocrx_word' id='word_1_240' title='bbox 805 3127 897 3200; x_wconf 88' lang='lat' dir='ltr'><strong>magis</strong></span> <span class='ocrx_word' id='word_1_241' title='bbox 919 3125 955 3184; x_wconf 91' lang='lat' dir='ltr'><strong>de</strong></span> <span class='ocrx_word' id='word_1_242' title='bbox 976 3124 1062 3184; x_wconf 90' lang='lat' dir='ltr'><strong>rebus</strong></span> <span class='ocrx_word' id='word_1_243' title='bbox 1082 3126 1168 3198; x_wconf 91' lang='lat' dir='ltr'><strong>paulo</strong></span> <span class='ocrx_word' id='word_1_244' title='bbox 1189 3131 1257 3198; x_wconf 89' lang='lat' dir='ltr'><strong>post</strong></span> <span class='ocrx_word' id='word_1_245' title='bbox 1276 3128 1306 3185; x_wconf 91' lang='lat' dir='ltr'><strong>ln</strong></span> <span class='ocrx_word' id='word_1_246' title='bbox 1327 3127 1383 3185; x_wconf 87' lang='lat' dir='ltr'><strong>Pe·</strong></span> 
     </span>
     <span class='ocr_line' id='line_1_29' title="bbox 241 3222 1432 3309; baseline 0.003 -27"><span class='ocrx_word' id='word_1_247' title='bbox 241 3225 398 3297; x_wconf 91' lang='lat' dir='ltr'><strong>loponneso</strong></span> <span class='ocrx_word' id='word_1_248' title='bbox 420 3226 510 3300; x_wconf 87' lang='lat' dir='ltr'><strong>gestis</strong></span> <span class='ocrx_word' id='word_1_249' title='bbox 532 3222 575 3301; x_wconf 84' lang='lat' dir='ltr'><strong>(a.</strong></span> <span class='ocrx_word' id='word_1_250' title='bbox 599 3224 674 3302; x_wconf 82' lang='grc'>303)</span> <span class='ocrx_word' id='word_1_251' title='bbox 703 3233 732 3286; x_wconf 89' lang='lat' dir='ltr'><strong>et</strong></span> <span class='ocrx_word' id='word_1_252' title='bbox 753 3225 924 3286; x_wconf 88' lang='lat' dir='ltr'><strong>Plutarchus</strong></span> <span class='ocrx_word' id='word_1_253' title='bbox 945 3227 985 3296; x_wconf 82' lang='lat' dir='ltr'><strong>(c.</strong></span> <span class='ocrx_word' id='word_1_254' title='bbox 1008 3223 1061 3298; x_wconf 84' lang='grc'><strong>25)</strong></span> <span class='ocrx_word' id='word_1_255' title='bbox 1084 3231 1113 3283; x_wconf 91' lang='lat' dir='ltr'><strong>et</strong></span> <span class='ocrx_word' id='word_1_256' title='bbox 1134 3225 1278 3286; x_wconf 89' lang='lat' dir='ltr'><strong>Diodorus</strong></span> <span class='ocrx_word' id='word_1_257' title='bbox 1299 3226 1381 3302; x_wconf 89' lang='lat' dir='ltr'><strong>(XX,</strong></span> <span class='ocrx_word' id='word_1_258' title='bbox 1430 3306 1432 3309; x_wconf 82' lang='lat'>.</span> 
     </span>
     <span class='ocr_line' id='line_1_30' title="bbox 245 3325 1382 3400; baseline 0.003 -19"><span class='ocrx_word' id='word_1_259' title='bbox 245 3325 307 3382; x_wconf 56' lang='grc' dir='ltr'><strong>102Υ</strong></span> <span class='ocrx_word' id='word_1_260' title='bbox 325 3325 381 3398; x_wconf 88' lang='lat' dir='ltr'><strong>sq.)</strong></span> <span class='ocrx_word' id='word_1_261' title='bbox 401 3326 584 3400; x_wconf 88' lang='lat' dir='ltr'><strong>indiligenter</strong></span> <span class='ocrx_word' id='word_1_262' title='bbox 606 3345 642 3386; x_wconf 88' lang='lat' dir='ltr'><strong>ex</strong></span> <span class='ocrx_word' id='word_1_263' title='bbox 663 3329 763 3387; x_wconf 91' lang='lat' dir='ltr'><strong>eodem</strong></span> <span class='ocrx_word' id='word_1_264' title='bbox 785 3327 865 3386; x_wconf 85' lang='lat' dir='ltr'><strong>iente</strong></span> <span class='ocrx_word' id='word_1_265' title='bbox 886 3327 1014 3386; x_wconf 89' lang='lat' dir='ltr'><strong>hausisse</strong></span> <span class='ocrx_word' id='word_1_266' title='bbox 1035 3327 1176 3395; x_wconf 88' lang='lat' dir='ltr'><strong>videntur,</strong></span> <span class='ocrx_word' id='word_1_267' title='bbox 1209 3328 1284 3400; x_wconf 85' lang='lat' dir='ltr'><strong>quia,</strong></span> <span class='ocrx_word' id='word_1_268' title='bbox 1318 3343 1382 3385; x_wconf 91' lang='lat' dir='ltr'><strong>cum</strong></span> 
     </span>
    </p>
   </div>
   <div class='ocr_carea' id='block_1_8' title="bbox 154 3423 1384 3505">
    <p class='ocr_par' dir='ltr' id='par_1_9' title="bbox 154 3423 1384 3505">
     <span class='ocr_line' id='line_1_31' title="bbox 154 3423 1384 3505; baseline 0.007 -28"><span class='ocrx_word' id='word_1_269' title='bbox 154 3492 176 3505; x_wconf 23' lang='grc' dir='ltr'><strong>,Ι</strong></span> <span class='ocrx_word' id='word_1_270' title='bbox 243 3423 284 3501; x_wconf 80' lang='lat' dir='ltr'><strong>de¹</strong></span> <span class='ocrx_word' id='word_1_271' title='bbox 300 3425 430 3494; x_wconf 91' lang='lat' dir='ltr'><strong>plurimis</strong></span> <span class='ocrx_word' id='word_1_272' title='bbox 451 3428 606 3488; x_wconf 89' lang='lat' dir='ltr'><strong>relationes</strong></span> <span class='ocrx_word' id='word_1_273' title='bbox 621 3444 721 3487; x_wconf 90' lang='lat' dir='ltr'><strong>eorum</strong></span> <span class='ocrx_word' id='word_1_274' title='bbox 735 3427 880 3495; x_wconf 88' lang='lat' dir='ltr'><strong>differant,</strong></span> <span class='ocrx_word' id='word_1_275' title='bbox 902 3433 997 3486; x_wconf 87' lang='lat' dir='ltr'><strong>tamen</strong></span> <span class='ocrx_word' id='word_1_276' title='bbox 1019 3427 1049 3484; x_wconf 91' lang='lat' dir='ltr'><strong>in</strong></span> <span class='ocrx_word' id='word_1_277' title='bbox 1068 3427 1174 3486; x_wconf 86' lang='lat' dir='ltr'><strong>eisdem</strong></span> <span class='ocrx_word' id='word_1_278' title='bbox 1188 3444 1245 3486; x_wconf 93' lang='lat' dir='ltr'><strong>non</strong></span> <span class='ocrx_word' id='word_1_279' title='bbox 1266 3444 1384 3500; x_wconf 89' lang='lat' dir='ltr'><strong>prorsus</strong></span> 
     </span>
    </p>
   </div>
   <div class='ocr_carea' id='block_1_9' title="bbox 243 3522 1384 3801">
    <p class='ocr_par' dir='ltr' id='par_1_10' title="bbox 243 3522 1384 3801">
     <span class='ocr_line' id='line_1_32' title="bbox 246 3522 1384 3601; baseline 0.005 -23"><span class='ocrx_word' id='word_1_280' title='bbox 246 3522 346 3580; x_wconf 89' lang='lat' dir='ltr'><strong>deesse</strong></span> <span class='ocrx_word' id='word_1_281' title='bbox 368 3525 488 3585; x_wconf 85' lang='lat' dir='ltr'><strong>vidimus</strong></span> <span class='ocrx_word' id='word_1_282' title='bbox 508 3528 611 3586; x_wconf 88' lang='lat' dir='ltr'><strong>similia</strong></span> <span class='ocrx_word' id='word_1_283' title='bbox 643 3527 683 3601; x_wconf 85' lang='lat' dir='ltr'><strong>(p.</strong></span> <span class='ocrx_word' id='word_1_284' title='bbox 708 3529 751 3598; x_wconf 86' lang='lat'><strong>5).</strong></span> <span class='ocrx_word' id='word_1_285' title='bbox 807 3527 998 3598; x_wconf 75' lang='lat' dir='ltr'><strong>Quamobrem</strong></span> <span class='ocrx_word' id='word_1_286' title='bbox 1028 3528 1098 3586; x_wconf 89' lang='lat' dir='ltr'><strong>satis</strong></span> <span class='ocrx_word' id='word_1_287' title='bbox 1130 3525 1320 3599; x_wconf 89' lang='lat' dir='ltr'><strong>probabiliter</strong></span> <span class='ocrx_word' id='word_1_288' title='bbox 1354 3532 1384 3585; x_wconf 92' lang='lat' dir='ltr'><strong>et</strong></span> 
     </span>
     <span class='ocr_line' id='line_1_33' title="bbox 243 3622 1383 3702; baseline 0.004 -22"><span class='ocrx_word' id='word_1_289' title='bbox 243 3622 390 3681; x_wconf 88' lang='lat' dir='ltr'><strong>commode</strong></span> <span class='ocrx_word' id='word_1_290' title='bbox 411 3625 452 3685; x_wconf 91' lang='lat' dir='ltr'><strong>ita</strong></span> <span class='ocrx_word' id='word_1_291' title='bbox 465 3635 615 3702; x_wconf 91' lang='lat' dir='ltr'><strong>utramque</strong></span> <span class='ocrx_word' id='word_1_292' title='bbox 631 3629 825 3687; x_wconf 89' lang='lat' dir='ltr'><strong>narrationem</strong></span> <span class='ocrx_word' id='word_1_293' title='bbox 846 3630 995 3702; x_wconf 90' lang='lat' dir='ltr'><strong>iungemus</strong></span> <span class='ocrx_word' id='word_1_294' title='bbox 1008 3623 1047 3701; x_wconf 77' lang='lat'><strong>²):</strong></span> <span class='ocrx_word' id='word_1_295' title='bbox 1070 3625 1248 3685; x_wconf 88' lang='lat' dir='ltr'><strong>Demetrium</strong></span> <span class='ocrx_word' id='word_1_296' title='bbox 1261 3626 1383 3700; x_wconf 84' lang='lat' dir='ltr'><strong>Sicyone</strong></span> 
     </span>
     <span class='ocr_line' id='line_1_34' title="bbox 244 3722 1384 3801; baseline 0.004 -19"><span class='ocrx_word' id='word_1_297' title='bbox 244 3722 437 3796; x_wconf 86' lang='lat' dir='ltr'><strong>Corinthoque</strong></span> <span class='ocrx_word' id='word_1_298' title='bbox 458 3728 487 3786; x_wconf 94' lang='lat' dir='ltr'><strong>in</strong></span> <span class='ocrx_word' id='word_1_299' title='bbox 508 3734 685 3801; x_wconf 89' lang='lat' dir='ltr'><strong>potestatem</strong></span> <span class='ocrx_word' id='word_1_300' title='bbox 707 3745 787 3788; x_wconf 88' lang='lat' dir='ltr'><strong>suam</strong></span> <span class='ocrx_word' id='word_1_301' title='bbox 801 3729 926 3787; x_wconf 89' lang='lat' dir='ltr'><strong>redactis</strong></span> <span class='ocrx_word' id='word_1_302' title='bbox 936 3728 1063 3786; x_wconf 89' lang='lat' dir='ltr'><strong>Achaiae</strong></span> <span class='ocrx_word' id='word_1_303' title='bbox 1079 3726 1164 3785; x_wconf 87' lang='lat' dir='ltr'><strong>nrbes</strong></span> <span class='ocrx_word' id='word_1_304' title='bbox 1187 3732 1272 3800; x_wconf 88' lang='lat' dir='ltr'><strong>atque</strong></span> <span class='ocrx_word' id='word_1_305' title='bbox 1292 3726 1384 3786; x_wconf 88' lang='lat' dir='ltr'><strong>Arca·</strong></span> 
     </span>
    </p>
   </div>
   <div class='ocr_carea' id='block_1_10' title="bbox 241 3999 1384 4423">
    <p class='ocr_par' dir='ltr' id='par_1_11' title="bbox 241 3999 1384 4423">
     <span class='ocr_line' id='line_1_35' title="bbox 316 3999 1382 4075; baseline -0.007 -16"><span class='ocrx_word' id='word_1_306' title='bbox 316 4004 335 4073; x_wconf 88' lang='lat'><strong>¹)</strong></span> <span class='ocrx_word' id='word_1_307' title='bbox 355 4002 439 4071; x_wconf 77' lang='lat' dir='ltr'><strong>Quem</strong></span> <span class='ocrx_word' id='word_1_308' title='bbox 457 4003 540 4058; x_wconf 90' lang='lat' dir='ltr'><strong>virum</strong></span> <span class='ocrx_word' id='word_1_309' title='bbox 558 4003 722 4075; x_wconf 87' lang='lat' dir='ltr'><strong>Schmidt,</strong></span> <span class='ocrx_word' id='word_1_310' title='bbox 741 4006 773 4060; x_wconf 90' lang='lat' dir='ltr'><strong>de</strong></span> <span class='ocrx_word' id='word_1_311' title='bbox 791 4003 997 4073; x_wconf 84' lang='lat' dir='ltr'><strong>expeditionibus</strong></span> <span class='ocrx_word' id='word_1_312' title='bbox 1013 4017 1029 4055; x_wconf 89' lang='lat' dir='ltr'><strong>a</strong></span> <span class='ocrx_word' id='word_1_313' title='bbox 1046 4001 1179 4056; x_wconf 89' lang='lat' dir='ltr'><strong>Demetrio</strong></span> <span class='ocrx_word' id='word_1_314' title='bbox 1191 4001 1337 4054; x_wconf 89' lang='lat' dir='ltr'><strong>Poliorceta</strong></span> <span class='ocrx_word' id='word_1_315' title='bbox 1354 3999 1382 4052; x_wconf 93' lang='lat' dir='ltr'><strong>in</strong></span> 
     </span>
     <span class='ocr_line' id='line_1_36' title="bbox 245 4086 1382 4163; baseline -0.006 -18"><span class='ocrx_word' id='word_1_316' title='bbox 245 4091 382 4146; x_wconf 86' lang='lat' dir='ltr'><strong>Graeciam</strong></span> <span class='ocrx_word' id='word_1_317' title='bbox 401 4092 539 4161; x_wconf 87' lang='lat' dir='ltr'><strong>susceptis,</strong></span> <span class='ocrx_word' id='word_1_318' title='bbox 557 4092 666 4161; x_wconf 80' lang='lat' dir='ltr'><strong>Pyritzii</strong></span> <span class='ocrx_word' id='word_1_319' title='bbox 683 4094 758 4163; x_wconf 73' lang='grc'>1873,</span> <span class='ocrx_word' id='word_1_320' title='bbox 777 4109 803 4161; x_wconf 92' lang='lat' dir='ltr'><strong>p.</strong></span> <span class='ocrx_word' id='word_1_321' title='bbox 823 4095 839 4146; x_wconf 88' lang='grc'><strong>6</strong></span> <span class='ocrx_word' id='word_1_322' title='bbox 863 4091 958 4144; x_wconf 90' lang='lat' dir='ltr'><strong>iniuria</strong></span> <span class='ocrx_word' id='word_1_323' title='bbox 979 4089 1111 4144; x_wconf 89' lang='lat' dir='ltr'><strong>contendit</strong></span> <span class='ocrx_word' id='word_1_324' title='bbox 1128 4087 1194 4142; x_wconf 83' lang='lat' dir='ltr'><strong>falso</strong></span> <span class='ocrx_word' id='word_1_325' title='bbox 1213 4087 1297 4141; x_wconf 90' lang='lat' dir='ltr'><strong>dicere</strong></span> <span class='ocrx_word' id='word_1_326' title='bbox 1314 4086 1382 4139; x_wconf 90' lang='lat' dir='ltr'><strong>Pha-</strong></span> 
     </span>
     <span class='ocr_line' id='line_1_37' title="bbox 241 4162 1384 4257; baseline -0.009 -25"><span class='ocrx_word' id='word_1_327' title='bbox 241 4178 340 4233; x_wconf 88' lang='lat' dir='ltr'><strong>lereum</strong></span> <span class='ocrx_word' id='word_1_328' title='bbox 365 4186 391 4233; x_wconf 88' lang='lat' dir='ltr'><strong>et</strong></span> <span class='ocrx_word' id='word_1_329' title='bbox 414 4180 501 4248; x_wconf 89' lang='lat' dir='ltr'><strong>ipsum</strong></span> <span class='ocrx_word' id='word_1_330' title='bbox 518 4179 632 4248; x_wconf 87' lang='lat' dir='ltr'><strong>legatum</strong></span> <span class='ocrx_word' id='word_1_331' title='bbox 650 4180 677 4233; x_wconf 96' lang='lat' dir='ltr'><strong>in</strong></span> <span class='ocrx_word' id='word_1_332' title='bbox 694 4180 812 4234; x_wconf 89' lang='lat' dir='ltr'><strong>Piraeum</strong></span> <span class='ocrx_word' id='word_1_333' title='bbox 831 4179 922 4241; x_wconf 84' lang='lat' dir='ltr'><strong>ivisse;</strong></span> <span class='ocrx_word' id='word_1_334' title='bbox 950 4175 984 4231; x_wconf 87' lang='lat' dir='ltr'><strong>cf.</strong></span> <span class='ocrx_word' id='word_1_335' title='bbox 1011 4175 1085 4231; x_wconf 90' lang='lat' dir='ltr'><strong>Diod.</strong></span> <span class='ocrx_word' id='word_1_336' title='bbox 1104 4191 1126 4257; x_wconf 85' lang='lat' dir='ltr'><strong>c.</strong></span> <span class='ocrx_word' id='word_1_337' title='bbox 1145 4173 1180 4230; x_wconf 83' lang='lat'><strong>45</strong></span> <span class='ocrx_word' id='word_1_338' title='bbox 1205 4169 1240 4248; x_wconf 65' lang='grc' dir='ltr'><strong>τῇ</strong></span> <span class='ocrx_word' id='word_1_339' title='bbox 1258 4167 1281 4225; x_wconf 77' lang='lat' dir='ltr'><strong>d&#39;</strong></span> <span class='ocrx_word' id='word_1_340' title='bbox 1298 4162 1384 4224; x_wconf 75' lang='lat' dir='ltr'><strong>dure-</strong></span> 
     </span>
     <span class='ocr_line' id='line_1_38' title="bbox 258 4267 379 4319; baseline 0.025 -3"><span class='ocrx_word' id='word_1_341' title='bbox 258 4267 334 4319; x_wconf 79' lang='lat' dir='ltr'><strong>ur&#39;us</strong></span> <span class='ocrx_word' id='word_1_342' title='bbox 373 4304 379 4318; x_wconf 90' lang='lat'>.</span> 
     </span>
     <span class='ocr_line' id='line_1_39' title="bbox 242 4283 1381 4423; baseline -0.006 -15"><span class='ocrx_word' id='word_1_343' title='bbox 242 4285 255 4336; x_wconf 58' lang='grc' dir='ltr'>ρ</span> <span class='ocrx_word' id='word_1_344' title='bbox 288 4283 423 4420; x_wconf 45' lang='grc' dir='ltr'><strong>’Ἵᾳῖἰία</strong></span> <span class='ocrx_word' id='word_1_345' title='bbox 447 4353 547 4409; x_wconf 90' lang='lat' dir='ltr'><strong>ratione</strong></span> <span class='ocrx_word' id='word_1_346' title='bbox 574 4352 600 4406; x_wconf 94' lang='lat' dir='ltr'><strong>id</strong></span> <span class='ocrx_word' id='word_1_347' title='bbox 627 4352 745 4408; x_wconf 84' lang='lat' dir='ltr'><strong>lecerunt</strong></span> <span class='ocrx_word' id='word_1_348' title='bbox 771 4355 922 4423; x_wconf 84' lang='lat' dir='ltr'><strong>Drcysen</strong></span> <span class='ocrx_word' id='word_1_349' title='bbox 951 4353 984 4422; x_wconf 87' lang='lat' dir='ltr'><strong>(l,</strong></span> <span class='ocrx_word' id='word_1_350' title='bbox 1011 4351 1062 4407; x_wconf 88' lang='grc'><strong>505</strong></span> <span class='ocrx_word' id='word_1_351' title='bbox 1090 4350 1156 4420; x_wconf 85' lang='lat' dir='ltr'><strong>sqq.)</strong></span> <span class='ocrx_word' id='word_1_352' title='bbox 1183 4355 1209 4404; x_wconf 83' lang='lat' dir='ltr'><strong>et</strong></span> <span class='ocrx_word' id='word_1_353' title='bbox 1235 4347 1381 4404; x_wconf 82' lang='lat' dir='ltr'><strong>Schmidt</strong></span> 
     </span>
    </p>
   </div>
   <div class='ocr_carea' id='block_1_11' title="bbox 241 4439 390 4510">
    <p class='ocr_par' dir='ltr' id='par_1_12' title="bbox 241 4439 390 4510">
     <span class='ocr_line' id='line_1_40' title="bbox 241 4439 390 4510; baseline 0 -1"><span class='ocrx_word' id='word_1_354' title='bbox 241 4441 277 4510; x_wconf 80' lang='lat' dir='ltr'><strong>tr·</strong></span> <span class='ocrx_word' id='word_1_355' title='bbox 295 4441 314 4494; x_wconf 82' lang='grc'>9</span> <span class='ocrx_word' id='word_1_356' title='bbox 332 4439 390 4510; x_wconf 76' lang='lat' dir='ltr'><strong>sal·</strong></span> 
     </span>
    </p>
   </div>
   <div class='ocr_carea' id='block_1_12' title="bbox 0 0 1634 5109">
    <p class='ocr_par' dir='ltr' id='par_1_13' title="bbox 0 0 1634 5109">
     <span class='ocr_line' id='line_1_41' title="bbox 0 0 1634 5109; baseline 0 0"><span class='ocrx_word' id='word_1_357' title='bbox 0 0 1634 5109; x_wconf 95' lang='lat' dir='ltr'><strong> </strong></span> 
     </span>
    </p>
   </div>
  </div>
 </body>
</html>
