3250 5109
790 397 828 480 23.
869 477 884 480 ,,

238 596 335 654 aerius
355 599 521 666 persecutus
542 593 707 650 temeritate
728 593 877 649 victoriam
907 593 1066 663 perdidisse
1088 593 1207 665 dicitur,
1240 597 1380 655 attribue-

237 711 312 769 mus,
333 694 399 767 quia
422 700 452 752 et
472 693 607 751 indicium
628 691 707 749 istud
721 691 841 749 liberius
865 692 987 764 quidem,
1009 693 1060 752 sed
1081 696 1143 751 sine
1158 693 1315 756 acerbitate
1336 697 1378 770 fit,

238 801 268 854 et
287 794 370 853 simul
391 794 515 861 additur,
530 791 864 871 quampraeclareidem
876 791 934 850 dux
946 797 1033 851 antea
1053 794 1211 865 proeliatus
1234 794 1280 851 sit.
1307 795 1378 854 Cum

236 897 327 970 igitur
358 896 429 953 loeis
464 898 640 966 postremum
672 893 769 950 allatis
803 891 979 967 effecerimus
1011 893 1218 966 Hieronymum
1250 911 1313 965 res,
1348 902 1381 955 ut

238 995 333 1054 iactae
356 999 446 1065 erant,
470 992 632 1063 tradidisse,
655 1009 692 1050 ne
712 994 784 1051 vitia
817 991 932 1064 quidem
960 994 1102 1054 Demetrii
1129 1000 1261 1067 artesque
1289 996 1383 1054 minus

239 1095 331 1156 bonas
352 1095 439 1167 plane
461 1094 664 1162 dissimularit,
698 1094 767 1150 licet
788 1094 976 1157 verecundius
1000 1110 1065 1152 eum
1085 1093 1318 1167 reprehenderim
1351 1096 1382 1154 id

239 1195 316 1268 qnod
338 1211 373 1253 ex
393 1194 439 1251 his
454 1194 531 1253 'loeis
552 1192 738 1265 intellegitur,
761 1191 863 1264 quibus
882 1195 1056 1267 comparatis
1078 1195 1162 1252 simul
1182 1201 1382 1268 argumentum

241 1295 398 1356 eommunis
421 1294 482 1353 font
484 1295 508 1350 is
530 1310 548 1351 a
570 1292 777 1352 Plutarchot
748 1298 777 1351 et
797 1294 926 1353 Diodoro
948 1294 1068 1354 adhibiti
1045 1300 1192 1354 tnovnm
1212 1295 1319 1356 babes·

278 1431 362 1490 Dem.
400 1449 424 1488 o.
448 1433 465 1486 2
505 1441 569 1499 σχο
572 1417 680 1499 λάζων
714 1422 911 1553 περὶ,
880 1427 964 1487 Diod.
980 1431 1047 1498 XX,
1070 1431 1108 1486 92
1132 1445 1223 1486 κοτν
1243 1426 1302 1502 μὲν
1324 1417 1381 1500 τήν

236 1516 368 1596 πότονς
388 1527 445 1587 καὶ
461 1545 596 1609 reomao
614 1524 671 1586 καὶ
695 1522 814 1585 διαί·
812 1515 967 1647 ιἐιρήνην
1002 1528 1036 1584 ἐν
1066 1525 1198 1602 μέθαις
1234 1522 1382 1605 διέτριβε

243 1647 307 1696 τος
332 1616 590 1706 ἁβροβιωτοιτος
612 1588 815 1703 pinnatense,
812 1670 814 1705 ,
838 1624 896 1685 καὶ
919 1624 1115 1700 συμποσίοις
1130 1623 1265 1697 exonera
1279 1615 1382 1704 ὀοχή-

245 1718 462 1807 ἐνεργότατον
503 1713 547 1786 αὖ
588 1716 687 1784 adiro
730 1725 814 1785 καὶ
812 1722 907 1797 ,σοις
928 1724 986 1784 καὶ
1008 1718 1160 1802 amnone,
1182 1725 1239 1785 καὶ
1262 1721 1299 1785 τό
1324 1716 1382 1787 ον’-

244 1817 484 1910 σφοδρότατον
531 1812 569 1884 τὸ
612 1824 684 1903 περὶ
726 1815 815 1943 selei
812 1822 934 1883 nolon
957 1812 1122 1897 agatae
1086 1845 1143 1898 την
1158 1823 1381 1941 postolopert-

244 1916 384 2004 πράξεις
420 1922 590 1997 ἐνδελεχὲς
624 1918 694 1996 εἶχε
729 1923 814 1985 ναὶ;
812 1900 935 1999 μενον
949 1941 1028 1983 ποτε
1046 1925 1210 2000 ‘anecdot
1226 1943 1291 1984 νπτ
1324 1921 1382 1984 ἄν·

163 2070 168 2097 ;
246 2014 503 2104 apocalama
496 2013 515 2096 ἡ
549 2024 606 2085 καὶ
641 2015 814 2101 μάλιστα
812 2000 815 2054 ¹
841 2011 1005 2099 θρώπονς
1028 2043 1090 2084 τοο
1110 2017 1278 2085 Διονύσον
1302 2015 1382 2083 διο-

162 2194 165 2203 ,
244 2122 309 2185 τῶν
331 2124 426 2185 θεῶν
448 2086 565 2199 &gribon
586 2113 644 2185 τὸν
665 2115 786 2187 Ardea·
811 2110 815 2205 l
840 2121 949 2194 θεοιν,
971 2109 1064 2182 κοντοὶ
1078 2119 1116 2182 δὲ
1128 2109 1208 2192 τούς
1220 2122 1384 2200 πολέμους

162 2286 166 2293 ,
243 2241 310 2303 σον,
333 2219 377 2293 οἱς
399 2223 529 2304 πολέμῳ
561 2246 595 2286 τε
628 2226 786 2305 χρῆσθαι
810 2216 813 2289 l
840 2210 972 2299 ἐνεργὸς
1003 2210 1041 2296 ἦν
1071 2222 1129 2283 καὶ
1151 2219 1271 2307 νήφων,
1301 2212 1384 2285 ὥστε

168 2324 171 2329 ’
243 2314 436 2384 δεινότατον
465 2318 592 2404 εἰρήνην
621 2347 656 2386 τε
678 2315 813 2395 αὖθιςΙ
838 2316 931 2401 πορν)
952 2313 1079 2390 πάντας
1101 2341 1180 2391 rone
1203 2326 1383 2401 ἐργατευο-

243 2427 280 2484 ἐκ
243 2422 452 2500 ἐπολέμον
475 2426 604 2510 τρέψαι
626 2425 683 2486 καὶ
705 2418 787 2505 πρὸς
811 2368 896 2467 h
838 2422 957 2497 μένους
974 2411 1383 2501 ἐναγώνιονπονρέχεοθνι

165 2602 168 2607 ,
242 2516 449 2608 eompooo'oav
481 2525 538 2585 aral
560 2515 666 2603 χάριν
688 2528 813 2615 daps-
839 2510 878 2581 τὸ
902 2520 998 2596 σῶμα
1018 2520 1076 2582 καὶ
1099 2508 1156 2593 τὴν
1128 2513 1300 2606 νψνχήν.

163 2682 166 2687 ,
210 2642 213 2647 ’
241 2622 407 2685 benennon.
810 2622 813 2679 l

324 2777 515 2850 Quamquam,
560 2781 584 2836 si
616 2780 730 2851 quidem
771 2786 851 2838 recte
888 2795 977 2850 supra
1020 2775 1061 2849 (p.
1098 2776 1147 2847 10)
1187 2778 1391 2837 contendimus>

239 2877 352 2947 saepius
373 2873 464 2933 fontis
487 2877 574 2934 verba
595 2895 613 2935 a
635 2878 790 2938 Plutarcho
812 2883 924 2936 mutata
945 2893 1017 2951 esse,
1039 2878 1086 2934 vix
1107 2874 1170 2932 fieri
1190 2882 1294 2947 potest,
1315 2880 1383 2949 quin

238 2976 294 3046 ipsi
308 2972 339 3048 ¹),
370 2990 426 3032 non
449 2975 643 3052 Hieronymo,
675 2978 853 3036 acerbiorem
884 2992 983 3035 vocem
1015 2963 1150 3053 τροφάς
1182 2975 1382 3049 attribuamus

239 3077 343 3146 quippe
365 3091 438 3147 quae
460 3077 538 3147 apud
559 3077 717 3136 Diodorum
749 3094 806 3135 non
837 3077 1020 3146 inveniatur;
1055 3089 1146 3146 neque
1179 3075 1231 3132 alit
1220 3079 1264 3133 ter
1295 3092 1320 3134 o
1345 3079 1382 3133 lo

237 3190 435 3255 τννφος-
457 3171 574 3257 π’,ννφε
597 3195 652 3250 quo
675 3179 801 3237 loootot
803 3180 954 3234 otantum
976 3190 1019 3247 ea,
1043 3189 1115 3245 qnae
1137 3190 1162 3232 ο.
1175 3175 1224 3230 2
1216 3176 1389 3242 invenimus„

238 3274 338 3333 iterari
363 3276 505 3334 neminem
534 3276 622 3349 fugit,
655 3276 823 3335 vocabulum
855 3276 949 3347 primo
980 3275 1043 3332 loco
1073 3274 1197 3346 positum
1226 3275 1382 3333 Plutarcho

239 3372 293 3443 ipsi
314 3376 497 3436 tribuendum
520 3377 584 3433 erit.

320 3474 382 3533 Iam
405 3493 482 3542 vero,
506 3492 578 3548 quae
592 3475 700 3534 iudicia
722 3476 811 3535 libero
832 3480 862 3534 et
882 3480 993 3551 aperte,
1015 3475 1083 3533 licet
1105 3473 1244 3548 breviter,
1277 3475 1383 3532 Hiero·

165 3552 170 3565 ⁸
238 3588 352 3644 nymnm
374 3575 409 3632 de
429 3577 576 3635 Demetrio
600 3575 700 3634 fecisse
721 3577 876 3649 posuimus
897 3576 1011 3632 minime
1034 3589 1098 3632 oum
1120 3574 1161 3632 eis
1184 3570 1384 3632 confundenda

237 3676 312 3741 sunt,
337 3689 409 3744 quae
431 3674 466 3733 de
489 3677 588 3735 eodem
609 3676 804 3747 copiosissime
826 3681 856 3732 et
876 3673 937 3734 fere
952 3675 1077 3747 mahgne
1097 3672 1176 3731 facta
1196 3674 1226 3730 in
1241 3673 1381 3731 Demetrii

314 3878 332 3946 ¹)
352 3877 486 3948 Similiter,
505 3880 528 3932 si
546 3881 605 3947 quis
623 3881 694 3934 dieat
711 3896 731 3933 c.
745 3879 780 3933 34
797 3879 935 3946 rationem,
954 3892 1006 3944 qua
1026 3877 1177 3930 Demetrius
1193 3875 1221 3929 in
1238 3875 1342 3930 theatro
1358 3890 1387 3929 se

242 3966 356 4033 gessisse
374 3965 486 4027 dicator,
504 3966 718 4034 magnificentius
739 3981 817 4034 quam
836 3973 866 4020 ut
877 3965 1035 4032 Hieronymo
1053 3962 1162 4016 attribui
1179 3961 1269 4029 possit,
1287 3961 1386 4014 deseri-

240 4059 312 4121 ptam
330 4067 394 4119 esse,
407 4051 597 4106 dubitationem
615 4054 654 4107 ita
671 4054 764 4108 tollere
781 4054 847 4106 mihi
863 4052 961 4119 videor,
980 4057 1010 4103 ut
1021 4048 1151 4103 voeabula
1170 4041 1256 4117 ὥσπερ
1275 4047 1299 4097 οἱ
1317 4065 1386 4115 προ-

240 4137 322 4210 padri
340 4154 357 4193 a
374 4137 518 4192 Plutarcho
535 4137 623 4192 addita
646 4153 702 4192 esse
720 4141 910 4208 suspioer—
937 4139 1059 4192 Ceterum
1077 4136 1157 4189 verba
1175 4139 1332 4201 κατὲοτνσει
1353 4162 1385 4172 -

198 4292 201 4297 Ι
239 4214 316 4295 qnae,
335 4239 403 4292 quae
430 4223 511 4279 naulo
536 4231 596 4278 ante
622 4225 802 4291 inveniuntur,
831 4225 1076 4290 Grotetfflismry
1095 4223 1124 4287 ef
1139 4224 1246 4289 Graece
1273 4219 1387 4274 Londini

241 4310 317 4366 1870
343 4310 406 4378 XII,
424 4309 486 4377 210)
513 4310 617 4380 male
609 4327 636 4364 rn
637 4318 793 4380 terpretatus
819 4319 860 4366 est
888 4314 1011 4379 „armam
1037 4313 1076 4361 bie
1102 4327 1157 4361 orca
1183 4313 1230 4371 (se.
1250 4308 1386 4374 Demetrii)

239 4396 339 4460 friends
357 4415 387 4448 as
404 4398 591 4466 maqistrates,“
612 4414 671 4452 cum
689 4397 847 4454 Plutarchus
866 4399 897 4453 de
916 4399 1006 4466 populi
1024 4398 1114 4451 amicis
1131 4397 1263 4462 loquatur.
