3250 5109
242 751 256 811 ξ
275 745 299 799 2.
335 745 597 808 Discrepantiae,
621 746 718 806 quae,
744 747 915 807 quominus
932 745 1004 796 fons
1022 747 1197 797 communia
1216 746 1382 812 adhibitus

663 831 717 892 sit,
734 845 799 883 non
818 831 955 883 obstent

322 958 406 1017 Nunc
429 958 654 1032 discrepantias,
687 974 760 1030 quae
782 960 811 1016 in
832 958 980 1017 Plutarchi
1002 963 1031 1016 et
1052 958 1173 1017 Diodori
1194 956 1384 1017 relationibus

240 1059 442 1129 inveniuntur,
464 1058 499 1118 dc
521 1058 664 1119 sententia
686 1058 802 1130 prolata
823 1075 875 1116 nos
896 1074 1011 1116 movere
1033 1073 1212 1131 nequaquam
1234 1073 1317 1131 posse
1338 1060 1381 1116 ita

240 1152 518 1226 demonstrabimus,
551 1162 584 1215 ut
604 1159 726 1230 primum
748 1158 783 1216 de
806 1160 847 1216 eis
862 1157 953 1231 ¹rebus
973 1175 1107 1231 agamur,
1140 1175 1228 1230 quae,
1256 1158 1325 1217 licet
1346 1158 1384 1217 ab

240 1259 380 1316 alterutro
411 1258 551 1330 scriptore
573 1273 631 1315 non
653 1258 710 1315 sint
731 1257 865 1327 traditae,
887 1259 984 1332 ntique
1002 1260 1031 1316 in
1052 1257 1148 1330 fonte,
1176 1275 1258 1330 quem
1280 1274 1382 1330 seque·

241 1358 356 1430 bantur,
379 1361 620 1416 commemoratae
642 1353 728 1416 fuisse
751 1358 910 1416 videantur.

268 1444 272 1450 ’
323 1457 418 1543 Atque
440 1462 553 1516 constat
576 1457 763 1516 Plutarchum
789 1459 819 1516 in
848 1460 914 1516 vitis
938 1457 1097 1518 scribendis
1121 1474 1179 1517 non
1200 1459 1242 1516 ita
1263 1474 1381 1530 operam

241 1557 368 1626 dedisse,
397 1562 429 1614 nt
450 1558 597 1617 nationum
619 1573 830 1630 regnorumque
851 1556 997 1617 fortunam
1024 1564 1054 1616 ιι
1075 1574 1156 1617 casus
1179 1564 1311 1618 aromate
1333 1575 1381 1616 ex·

239 1661 361 1730 poncret
394 1658 561 1737 omniaque,
599 1673 672 1730 quae
704 1657 741 1716 ad
773 1673 835 1715 rem
867 1660 1062 1733 pertinerent,
1103 1664 1290 1732 congereret,
1330 1657 1382 1716 sed

242 1755 425 1835 animemed
446 1758 502 1817 alia
524 1756 722 1816 advertentem
737 1773 823 1831 saepe
837 1774 883 1816 ιιι
904 1765 1001 1831 gestas
1016 1758 1061 1816 vel
1082 1759 1159 1817 leves
1171 1760 1215 1817 vel
1237 1759 1383 1830 graviores

242 1857 386 1929 omisisse3
416 1863 447 1915 at
476 1856 599 1916 eundem
620 1873 728 1915 summo
751 1857 847 1916 studio
869 1874 904 1916 ea
925 1859 1111 1931 appetivisse,
1134 1875 1207 1931 quae
1229 1858 1266 1916 ad
1287 1874 1383 1916 mores

241 1962 271 2014 et
291 1957 425 2031 indolem,
448 1958 583 2016 virtutem
605 1962 632 2015 et
654 1957 768 2015 laudem
789 1960 861 2029 eiua,
884 1975 967 2031 quem
989 1959 1177 2032 depingebat,
1210 1963 1383 2030 spectarent.

243 2056 297 2128 Qui
318 2072 381 2115 cum
403 2058 477 2116 hanc
498 2059 526 2115 in
550 2056 699 2115 scribendo
721 2059 863 2117 rationem
884 2065 1059 2130 sectaretur,
1089 2058 1195 2118 iactum
1217 2065 1277 2129 est,
1301 2064 1384 2116 utet

242 2157 278 2216 de
298 2159 402 2232 pugnis
424 2158 624 2230 nonnullisque
644 2157 733 2216 rebus
750 2161 843 2230 gestis
864 2161 954 2218 multo
976 2159 1099 2228 brevius,
1121 2176 1206 2233 quam
1228 2158 1384 2226 Diodorus,

241 2263 342 2332 ageret
373 2264 403 2316 et
435 2258 645 2330 expeditionem
679 2259 804 2331 priorem
837 2262 866 2317 in
900 2260 1064 2318 Nabataeos
1095 2260 1217 2331 iactam,
1254 2258 1384 2317 Arabum

240 2373 352 2417 morum
374 2359 508 2431 lacusque
529 2357 713 2430 Asphaltiten
735 2359 974 2435 descriptionem,
1007 2375 1054 2416 res
1077 2376 1095 2416 a
1117 2359 1284 2430 Demetrio,
1317 2357 1384 2414 dum

242 2458 368 2532 cyprum
389 2460 477 2532 petit,
511 2459 580 2516 item
609 2473 657 2516 res
680 2475 697 2515 a
719 2459 887 2518 Ptolemaeo
916 2460 953 2517 ad
981 2457 1102 2517 eandem
1131 2458 1253 2533 insulam
1275 2461 1382 2531 gestas,

243 2560 398 2619 Salaminis
429 2559 622 2628 obsidionem,
656 2575 707 2629 ea,
741 2576 823 2631 quae,
857 2560 923 2618 dum
945 2559 1111 2617 Demetrius
1133 2575 1158 2616 a.
1181 2561 1240 2616 302
1263 2557 1385 2615 Athenis

241 2665 435 2719 commoranur
466 2664 551 2732 atque
582 2659 650 2717 inde
681 2660 827 2731 proiectus
859 2661 895 2719 ad
926 2667 1039 2734 patrem
1072 2662 1101 2719 in
1124 2659 1224 2718 Asiam
1245 2660 1384 2716 minorem

241 2758 400 2834 contendit,
421 2765 451 2819 et
472 2762 502 2821 in
524 2759 578 2819 hac
601 2767 680 2820 terra
702 2768 730 2819 et
751 2762 779 2818 in
796 2761 943 2838 Thessalia
964 2759 1043 2819 facta
1064 2765 1140 2832 sunt,
1159 2775 1281 2831 prorsus
1301 2773 1386 2830 prae·

242 2859 426 2918 termitteret.
1121 2908 1124 2912 ,

326 2959 409 3018 Aliae
439 2964 536 3019 autem
558 2975 606 3019 res
635 2959 697 3020 sola
718 2960 901 3033 neglegentia
921 2959 1069 3020 Plutarchi
1098 2975 1155 3017 non
1184 2959 1272 3017 semel
1303 2960 1388 3016 nimis

151 3136 155 3141 ¹
242 3063 415 3122 l'estinanter
436 3065 465 3118 et
484 3059 671 3134 indiligenter
692 3059 845 3121 scribentis
865 3061 987 3118 omissae
1003 3066 1086 3133 sunt3
1109 3060 1138 3117 in
1160 3059 1205 3116 his
1224 3063 1277 3131 est,
1299 3058 1386 3132 quod,

144 3208 146 3217 .
244 3178 317 3236 ‹puae
339 3162 483 3221 Diodorus
511 3162 598 3234 (XX,
620 3159 672 3232 46)
701 3159 737 3218 ιιι
766 3160 906 3234 Antigoni
939 3160 1085 3232 praesidio
1107 3176 1142 3218 ex
1170 3157 1267 3217 Imbro
1295 3158 1388 3216 insula

144 3256 147 3261 ’
244 3267 354 3323 remoto
375 3268 406 3322 et
427 3261 463 3321 de
485 3262 627 3321 communi
649 3258 822 3321 Graecorum
853 3259 973 3323 coneilio
1005 3258 1181 3319 instituendo
1209 3259 1319 3332 tradit,
1352 3257 1388 3315 ab

246 3363 296 3419 illo
317 3368 601 3433 nonmemorantur,
634 3362 760 3434 quamvis
793 3366 822 3421 et
855 3359 890 3418 de
923 3361 1029 3419 ceteris
1060 3360 1143 3417 donis
1164 3356 1389 3417 Atheniensibus

144 3448 148 3455 ’
247 3465 385 3523 concessis
407 3481 471 3524 cum
492 3461 622 3525 Diodoro
644 3466 786 3536 congruat
818 3466 848 3518 ιι
877 3461 912 3518 de
933 3459 1054 3518 concilio
1083 3459 1133 3517 illo
1154 3465 1256 3532 postea
1278 3457 1313 3530 (c.
1336 3443 1389 3517 25)

246 3562 308 3633 ipse
329 3562 418 3621 verba
437 3562 533 3624 faciat.
577 3561 660 3635 Quod
681 3578 748 3622 vero
776 3561 850 3620 initii
884 3560 952 3620 belli
984 3576 1048 3617 cum
1069 3560 1191 3619 Rhodiis
1212 3559 1287 3633 gesti
1310 3573 1387 3615 men-

246 3661 355 3720 tionem
381 3678 438 3721 non
459 3663 542 3737 iecit,
576 3663 606 3723 id
627 3663 688 3723 sine
710 3661 797 3721 dnbio
820 3676 856 3719 ea
876 3661 988 3721 ratione
1010 3676 1066 3733 qua
1086 3677 1110 3718 c.
1133 3662 1170 3718 21
1206 3676 1268 3718 cum
1301 3675 1326 3717 e.
1350 3659 1391 3715 20

246 3761 403 3828 conduxit,
426 3767 469 3822 est
489 3764 604 3823 iactum.

328 3861 369 3921 At
390 3862 602 3925 neDiodorum
623 3864 737 3938 quidem
760 3879 873 3936 semper
894 3864 963 3922 satis
982 3866 1115 3921 accurate
1137 3861 1173 3919 de
1194 3859 1280 3919 rebus
1303 3858 1392 3932 gestia

154 3980 158 3987 ·
246 3962 337 4035 egisse
358 3979 423 4021 cum
446 3961 510 4022 aliis
532 3965 669 4038 exemplis
692 3963 908 4036 comprobatum
940 3968 1000 4034 est,
1032 3966 1092 4020 tum
1125 3961 1193 4019 inde
1222 3974 1389 4031 cognoscas,

246 4062 319 4135 (pund
341 4063 366 4121 is
388 4064 512 4135 scriptor
532 4065 609 4122 iuter
629 4065 696 4135 XX,
723 4067 779 4122 103
795 4080 841 4121 ex.
863 4070 893 4120 et
916 4066 974 4121 110
995 4062 1031 4121 ιιι
1052 4062 1137 4120 rebus
1158 4062 1187 4119 in
1209 4061 1295 4118 ltalia
1316 4059 1389 4117 etin

245 4162 316 4220 Asia
338 4161 449 4220 minore
471 4162 559 4236 gestis
580 4162 690 4221 locutus
712 4163 836 4221 reditum
847 4164 987 4222 Demetrii
1004 4179 1039 4222 ex
1053 4161 1249 4234 Peloponneso
1261 4160 1392 4217 Athenas

149 4328 152 4335 ,
245 4261 353 4322 iactum
386 4261 479 4336 (Dem.
502 4279 526 4322 c.
549 4265 618 4337 26),
655 4262 729 4323 idem
761 4265 792 4321 in
824 4262 969 4336 prioribus
1000 4278 1149 4320 nnmerum
1179 4260 1250 4319 Cille
1276 4261 1392 4319 victor

145 4420 148 4427 .
244 4361 394 4426 Demetrio
427 4369 579 4441 captorum
605 4361 658 4443 (ib.
682 4380 705 4423 c.
731 4362 761 4439 6)
783 4369 886 4422 notare
915 4363 1017 4424 omisit.
1070 4362 1171 4434 ltaque
1201 4363 1303 4421 mirum
1332 4377 1391 4419 non
