3250 5109
793 424 851 510 ii

240 607 340 694 μόνον
363 606 432 694 άμα
453 615 629 695 μνηθῆναι
649 617 706 680 καὶ
731 604 960 696 enuntiatam,
977 622 1034 684 καὶ
1055 614 1136 694 τούς
1158 616 1304 707 χρόνους
1325 631 1382 705 της

243 717 371 793 τελετῆς
392 707 472 788 rode
495 719 658 800 πατρίους
680 722 975 798 pecuniosissimis

322 821 396 879 Tum
429 822 464 881 de
496 823 613 894 ordine,
643 839 698 898 quo
727 841 775 883 res
803 826 932 897 Megaris
967 823 1197 903 Munychiaeque
1225 837 1324 904 gestae
1352 849 1382 892 se

240 922 421 996 exceperint,
443 923 634 996 Plutarchus,
665 941 729 984 cum
757 942 775 984 a
804 924 925 986 Diodori
953 929 1094 989 relatione
1122 930 1283 1002 discrepet,
1316 949 1382 992 cum

242 1023 415 1083 Philochoro
438 1027 597 1085 consentit:

214 1201 216 1205 ’
270 1178 362 1237 Dem.
393 1179 458 1236 ab
493 1173 557 1235 τῶν
592 1171 630 1235 δὲ
663 1167 794 1253 Μεγά-
791 1177 841 1311 ι
877 1179 1004 1239 Philoch
1041 1170 1100 1253 ing.
1130 1185 1187 1239 144
1222 1180 1284 1240 τοῦ
1313 1174 1381 1290 γάρ

241 1297 307 1358 ρων
330 1265 475 1337 ἁλόντων
809 1271 933 1355 Ἀναξ
914 1273 1097 1358 rapotone
1109 1270 1382 1359 αρχοντοςινθν

279 1379 318 1438 ib
341 1397 365 1438 e
388 1382 424 1437 10
447 1376 513 1438 ἐπεὶ
536 1374 573 1438 δὲ
589 1368 687 1439 πάλιν
703 1368 811 1438 ἐπα
835 1374 895 1452 μὲν
919 1373 946 1452 η
975 1378 1040 1456 apio
1070 1377 1256 1460 Μεγαρέων
1287 1372 1381 1451 πόλις

157 1464 158 1469 ¹
241 1465 373 1540 νελθάν
395 1479 447 1555 (sc
461 1471 685 1559 Δημητριος’
670 1498 706 1539 ex
721 1499 785 1538 των
809 1410 811 1601 λ
835 1466 974 1537 ἑάλω·
957 1499 974 1541 ο
1001 1476 1038 1540 δὲ
1055 1473 1295 1562 Δημήτριος,
1277 1503 1295 1543 ο
1317 1503 1380 1544 αα-

244 1569 429 1741 Μενάρονν)
460 1569 542 1699 πρὸς
565 1599 621 1654 την
643 1574 810 1642 Moero-l
836 1567 1002 1639 τελθων
992 1600 1029 1641 εκ
1051 1577 1308 1693 τῶνΜεμάρων,
1318 1604 1381 1645 κα-

240 1680 364 1754 χίαν.
396 1679 497 1742 καὶ
526 1680 723 1767 κατέσκαψε
745 1669 783 1740 τὸ
836 1670 1196 1762 τεοκενάζετοτάνιρός
1211 1675 1266 1757 τὴν
1279 1681 1380 1746 Μον-

240 1729 407 1866 φρονριον
843 1779 972 1853 νυχίαν,
1005 1781 1061 1842 καὶ
1091 1802 1135 1843 τα
1156 1783 1253 1860 τείχη
1274 1803 1380 1845 κατα-

808 1848 811 1975 l
838 1871 977 1967 σκάψας
1002 1876 1154 1945 daedalus
1176 1885 1223 1964 τῷ
1244 1876 1345 1966 δήμῳ.

321 2035 441 2114 Deinde,
464 2051 537 2109 quae
560 2052 583 2094 c.
601 2039 637 2094 12
659 2036 695 2096 de
714 2035 903 2096 Demetrione
925 2053 1021 2098 mense
1042 2047 1109 2097 sunt
1130 2039 1246 2108 tradita,
1268 2045 1298 2097 et
1318 2041 1380 2112 ipsa

238 2155 272 2217 err
293 2136 414 2197 Atthide
435 2136 485 2195 illa
505 2137 597 2209 petita
620 2153 684 2196 esse
714 2136 849 2196 videntur
876 2137 982 2197 collato
1011 2137 1141 2197 Philoch.
1164 2137 1219 2212 frg.
1245 2141 1301 2196 176
1323 2128 1381 2197 τόν

240 2222 299 2297 οὖν
329 2232 546 2314 Δημητριῶνα
578 2225 663 2312 μηνά
696 2250 776 2321 φησι
813 2225 1005 2316 Φιλόχορος
1039 2224 1116 2297 ὅλον
1148 2236 1378 2323 ψηφίσασθαι

239 2324 318 2405 τονλς
338 2329 545 2409 Ἀιληναιόνς
568 2335 757 2414 ἱερομηνίαν
778 2336 953 2416 λέγεσθαι,
982 2331 1056 2399 οἷον
1079 2326 1156 2398 ὅλον
1178 2326 1303 2416 εὀρτην.
1326 2341 1379 2398 At-

239 2457 294 2514 que
315 2439 407 2500 eidem
427 2425 560 2515 scriptori
581 2439 704 2500 fortasse
733 2442 891 2502 attribuere
912 2441 996 2512 licet,
1027 2457 1100 2515 quae
1128 2440 1236 2500 ibidem
1264 2442 1300 2499 de
1321 2443 1380 2500 De·

238 2541 378 2613 metriade
399 2541 504 2600 mensis
525 2542 570 2600 die
591 2549 798 2619 memorantur,
829 2543 959 2617 quamvis
988 2543 1049 2600 eius
1077 2541 1134 2600 diei
1162 2556 1219 2598 uon
1251 2543 1281 2599 in
1303 2541 1386 2616 frag·⁴

241 2644 345 2700 mentis
374 2642 538 2703 Philochori
566 2644 669 2719 ipsine,
699 2644 749 2703 sed
778 2644 855 2718 apud
882 2642 1065 2702 Polemonem
1094 2642 1227 2700 Iliensem
1256 2643 1325 2718 (frg.
1347 2642 1380 2717 8)

240 2744 346 2803 mentio
367 2739 433 2814 fiat3
456 2742 491 2802 ci.
514 2743 706 2817 Harpocratio
729 2761 795 2803 av.
819 2739 873 2815 ἔνη
893 2739 951 2802 καὶ
972 2738 1046 2800 νέαι
1079 2736 1242 2816 Πολέμων
1264 2737 1380 2824 δέφη-
1454 2816 1456 2821 Ι

240 2855 291 2902 οιν
314 2830 367 2902 ὅτι
397 2830 556 2901 ἐκάλεσαν
588 2858 666 2902 ποτε
699 2833 801 2917 αὐτην
834 2842 887 2918 (sc.
909 2830 966 2916 την
991 2838 1014 2901 ἔ.
1037 2861 1066 2903 κ.
1089 2843 1128 2918 ν.)
1160 2833 1380 2922 Δημητριάδα

147 2926 152 2937 ’
240 2942 290 3004 ἐπὶ
315 2941 394 3025 τιμῇ
408 2938 600 3022 Δημητρίου
614 2940 676 3004 τοῦ
691 2933 902 3012 Μακεδόνος.
947 2943 1017 3005 Cum
1039 2950 1138 3004 autem
1152 2945 1270 3005 Polemo
1290 2946 1379 3005 semel

238 3050 350 3105 tantum
371 3063 389 3104 a
410 3046 567 3105 Plutarcho
588 3053 688 3108 auctor
710 3049 873 3106 nominetur
896 3043 991 3121 (Aret.
1012 3063 1037 3105 o.
1065 3045 1130 3119 13),
1154 3051 1289 3105 nontam
1312 3045 1378 3104 Plu·

238 3147 354 3206 tarchus
376 3163 412 3206 ex
432 3146 606 3220 Polemone,
643 3164 727 3222 quam
760 3163 796 3207 ex
827 3145 999 3207 Philochoro
1033 3151 1154 3220 uterque
1175 3144 1245 3205 illud
1266 3143 1384 3204 videtur'

239 3250 401 3322 sumpsisse.
445 3245 498 3306 (lui
531 3250 665 3323 scriptori
697 3249 736 3317 si,
768 3263 843 3322 quae
875 3247 911 3308 de
931 3249 1121 3309 Demetrione
1142 3252 1172 3306 et
1193 3245 1378 3305 Demetriade

238 3349 402 3421 traduntur,
423 3351 486 3408 iure
507 3349 630 3423 quodam
652 3349 843 3421 attribuimus,
865 3348 941 3407 idem
963 3349 1056 3421 quivis
1076 3347 1161 3407 facile
1182 3345 1323 3405 concedet
1344 3347 1380 3406 de

239 3451 444 3523 Dionysiorum
466 3453 580 3510 nomine
602 3453 753 3511 immutato
780 3456 810 3509 et
833 3448 868 3509 de
889 3447 1038 3509 Demetrio
1059 3448 1165 3506 eisdem
1186 3461 1251 3503 cum
1272 3444 1380 3507 Cerere

240 3556 269 3610 et
290 3551 395 3612 Libero
416 3546 573 3612 honoribus
595 3551 778 3626 accipiendo,
801 3567 876 3624 quae
896 3567 942 3610 res
964 3555 994 3609 et
1015 3552 1095 3623 ipsae
1116 3549 1145 3605 in
1167 3546 1265 3619 priore
1293 3553 1378 3621 parte

239 3669 264 3712 e.
290 3656 325 3709 12
357 3657 561 3712 memorantur.
619 3652 767 3727 Denique,
804 3669 869 3710 cum
897 3667 1022 3726 compar.
1051 3650 1133 3707 Dem·
1161 3653 1191 3707 et
1211 3648 1281 3707 Ant.
1310 3651 1379 3707 at

239 3753 325 3812 verba
358 3751 390 3811 οἱ
411 3748 469 3828 μὲν
490 3742 557 3833 γάρ
579 3770 640 3828 sqq.
663 3760 763 3828 aperte
785 3758 915 3825 spectent
943 3757 972 3810 et
992 3750 1029 3809 ad
1051 3749 1133 3808 Dem.
1157 3767 1181 3808 c.
1203 3751 1241 3806 24
1264 3750 1326 3808 init.
1349 3754 1378 3807 et

240 3857 277 3916 ad
307 3855 438 3915 Philoch.
471 3855 526 3930 frg.
551 3859 608 3914 146
640 3855 673 3912 ἐν
705 3842 882 3930 άκρονόλει
996 3838 1138 3928 πάτριον
1164 3843 1191 3908 δ’
1216 3845 1284 3907 ἐστὶ
1306 3853 1378 3914 τοῖς

240 3949 439 4029 Ἀθηναίοις
459 3945 544 4015 κύνα
567 3941 611 4031 μη
633 3948 825 4033 ἀναβαίνειν
845 3954 892 4020 εἰς
915 3939 1105 4030 ἀκρόπολιν,
1128 3951 1194 4010 inde
1210 3947 1379 4008 concludere

240 4056 308 4119 licet
340 4060 427 4118 etiam
466 4057 548 4116 Dam.
571 4075 594 4115 c.
619 4059 657 4116 24
678 4058 740 4116 init.
774 4074 810 4116 ex
841 4054 1011 4115 Philochoro
1044 4055 1166 4128 petitum
1197 4065 1266 4109 esse.
1318 4048 1380 4108 Nec

240 4162 393 4234 quidquam
421 4158 530 4230 obstat,
561 4160 708 4232 quominus
729 4157 854 4217 indidem
876 4155 997 4216 oriunda
1018 4172 1080 4214 esse
1102 4167 1280 4224 censeamus,
1308 4166 1381 4223 quae

240 4261 410 4320 Plutarchus
432 4262 450 4318 l.
474 4261 492 4316 l.
515 4259 550 4319 de
572 4260 708 4318 Democle
731 4264 760 4317 et
782 4258 938 4317 Gleaeneto
959 4258 1171 4316 commemorat.
1201 4252 1295 4326 Atque
1316 4267 1381 4308 cum

241 4379 265 4420 c.
288 4365 326 4420 23
356 4361 442 4421 verba
472 4360 505 4419 oi
535 4352 572 4417 δὲ
603 4359 722 4436 καίπερ
753 4393 790 4401 -
822 4347 1118 4432 ἐπισταθμεύοντα
1146 4354 1183 4415 ad
1204 4372 1228 4413 ο.
1250 4355 1290 4412 24
1318 4353 1380 4411 init.

240 4464 404 4538 respiciant,
429 4480 462 4522 ea
484 4477 595 4536 quoque
618 4459 789 4521 Philochoro
814 4460 949 4521 attribuo.
