3250 5109
676 405 824 496 Q

167 608 238 679 '18)
261 606 475 680 disputavimus,
507 604 698 678 consequitur.
743 605 878 664 Attamen
900 621 924 664 c.
947 608 986 664 43
1008 621 1063 665 666
1086 605 1258 680 Phylarcho,
1273 608 1324 666 scd
1396 644 1398 647 -

143 784 145 791 ,
182 710 231 768 alii
257 707 328 768 fonti
353 704 535 767 attribuenda
559 711 626 764 sunt
651 723 702 778 ea,
724 724 796 780 quae
822 708 858 766 de
883 690 1041 767 Ptolemaei
1063 710 1129 766 nari
1150 710 1180 767 in
1196 708 1321 766 medium

182 807 367 882 proferuntur
396 806 448 880 (of.
470 825 498 882 p.
515 805 590 880 Ι41);
624 824 689 867 mox
711 825 754 881 ea,
787 824 860 881 equae
882 824 900 866 6
920 807 1014 867 verbis
1029 800 1152 881 ,οὐδεὶς
1173 795 1241 884 γάρ
1263 824 1324 882 sqq.

184 910 366 986 praecedunt,
389 915 417 968 et
436 891 632 984 6661611161
659 905 746 967 θέαν
771 924 835 981 sqq.
858 910 965 968 rectius
979 907 1130 968 Plutarchi
1151 910 1241 982 ipsius
1263 924 1325 969 6666

183 1002 355 1083 putabimus.
399 1010 452 1071 Oui
473 1011 543 1071 item
564 1027 589 1070 c.
612 1013 651 1068 42
686 1002 785 1069 cnidda
807 995 875 1087 γάρ
898 1025 958 1084 sqq.
993 1010 1090 1070 nescio
1122 1027 1160 1069 an
1180 1009 1323 1070 adiudice-
1390 1043 1392 1047 >

183 1127 245 1172 mus
267 1116 386 1186 propter
408 1112 565 1199 sententias
587 1127 690 1186 resque
712 1109 752 1170 ibi
773 1111 886 1171 allatas.

266 1213 397 1285 Denique
431 1230 467 1272 ex
492 1214 574 1272 641
611 1195 707 1285 laos
737 1227 798 1286 sqq.
833 1213 1004 1285 Droysen
1036 1205 1189 1288 (1682),
1222 1210 1327 1285 Haug

184 1311 223 1388 (p.
248 1310 310 1388 73),
333 1313 629 1373 Milllemeister
652 1286 704 1387 (p.¹>
715 1317 759 1383 14,
782 1318 841 1373 not.
858 1313 889 1386 2)
912 1313 1068 1373 effecerunt
1090 1314 1176 1372 etiam
1190 1313 1328 1372 Duridem

184 1414 326 1486 Samium,
354 1415 402 1488 qui
423 1413 570 1474 Demetrii¹
588 1415 713 1488 aequalis
740 1408 900 1492 Ἱστορίας
928 1432 954 1473 a.
977 1417 1141 1473 370—280
1168 1415 1329 1486 complexas

181 1515 344 1588 scripserat,
358 1514 515 1575 adhibitum
527 1531 588 1575 esse
600 1514 716 1575 fontem.
741 1517 829 1590 Atqui
844 1517 1020 1589 comparatio
1031 1516 1096 1587 loci,
1109 1515 1144 1574 de
1156 1531 1212 1588 quo
1224 1515 1327 1588 agitur,

184 1634 248 1676 oum
260 1616 361 1676 Dnrid.
370 1615 424 1690 frg.
434 1617 483 1692 31,
496 1633 551 1689 quo
568 1617 673 1675 illiniri
687 1618 763 1677 docti
774 1619 913 1684 nituntur,
924 1617 1062 1689 instituta,
1076 1617 1188 1675 etiamsi
1198 1617 1327 1675 ultimam

185 1719 260 1777 illius
275 1718 331 1776 loci
343 1723 456 1792 partem
467 1717 623 1778 Plutarcho
635 1721 691 1795 ipsi
702 1719 902 1789 attribuamus,
914 1722 1010 1778 tantas
1020 1717 1227 1791 discrepantias
1240 1716 1327 1794 (apud

184 1819 371 1879 Plutarchum
394 1820 470 1877 enim
492 1835 549 1878 una
561 1807 692 1894 χλαμῦς
716 1819 872 1896 semifacta,
896 1807 1048 1896 ἐμβάδες,
1072 1816 1211 1878 accolet
1234 1814 1326 1893 ὃίμι-

185 1938 262 1997 τροι
285 1925 553 1992 commemorantur,
577 1923 652 1995 apud
674 1921 811 1982 Doridem
834 1926 929 1980 autern
951 1907 1140 1996 χλαμύδες,
1173 1937 1245 1978 6666
1268 1919 1324 1993 ἐμ-

183 2009 299 2096 βάτης,
323 2039 379 2081 666
401 2019 513 2099 μίτρα,
539 2007 724 2094 116666ιά6
747 2018 914 2105 ἔσφιγγεν)
936 2024 966 2080 in
985 2023 1030 2081 his
1051 2022 1160 2085 duabus
1178 2022 1324 2080 relationi·

187 2121 238 2181 bus
260 2123 352 2181 inesse
373 2127 524 2195 monstrat,
558 2129 591 2181 ut
612 2140 647 2182 ex
669 2125 787 2185 Doridis
822 2123 951 2182 historiis
984 2121 1167 2182 Plutarchum
1199 2122 1325 2181 hausisse

186 2223 264 2282 nullo
286 2222 370 2283 modo
393 2223 547 2283 concedam
561 2223 596 2296 ¹),
620 2224 671 2283 sed
693 2227 723 2283 in
747 2224 846 2284 eodem
867 2222 955 2296 fonte,
978 2226 1008 2283 in
1030 2241 1085 2297 quo
1107 2229 1217 2282 ceteras
1238 2239 1261 2280 6.
1283 2224 1323 2279 41

185 2330 292 2397 partes,
314 2325 393 2383 illam
414 2325 608 2384 narrationem
630 2325 767 2384 traditam
789 2325 875 2385 luisse
899 2325 1039 2398 arbitrer,
1070 2325 1240 2399 pracsertim
1262 2341 1325 2383 cum

185 2425 311 2485 eiusdem
334 2425 420 2485 vestis
440 2426 568 2500 tragicae
590 2443 614 2484 c.
638 2428 692 2499 44,
727 2424 803 2501 quod
834 2433 863 2485 ct
894 2429 987 2502 ipsum
1017 2424 1178 2499 Phylarcho
1207 2429 1325 2493 auctore
1361 2440 1372 2467 ⁰

185 2527 320 2601 scriptum
343 2543 406 2588 6666
430 2526 499 2584 mihi
520 2529 658 2602 persuasi,
681 2529 788 2586 mentio
810 2527 869 2587 fiat.

269 2628 352 2699 Quod
383 2628 407 2686 61
436 2628 621 2688 Plutarchum
655 2627 737 2688 Dem.
760 2647 784 2688 c.
808 2631 930 2688 41—44
955 2625 1144 2700 Phylarchum
1176 2631 1324 2687 auctorem

119 2724 121 2728 '
187 2732 314 2788 secutum
329 2744 392 2787 6666
406 2735 484 2788 recte
505 2731 660 2802 posuimus,
683 2729 719 2789 de
734 2731 838 2790 eisdem
860 2728 1036 2804 temporibus
1058 2728 1185 2788 indidem
1201 2727 1325 2803 Trogum

185 2831 314 2891 hausisse
336 2832 519 2904 consequitur
542 2831 653 2904 (lustin.
676 2830 754 2899 XVI,
777 2831 921 2908 2‚1-3).
965 2830 1060 2904 Atque
1092 2831 1227 2904 quoniam
1256 2849 1325 2890 666-

186 2932 308 2992 demde
331 2931 416 2993 rebus
447 2933 658 3004 Macedonicis,
691 2951 763 3006 quae
795 2949 915 3007 regnum
935 2949 953 2990 a
975 2931 1121 2991 Demetrio
1156 2937 1325 3005 occupatum

187 3038 413 3112 antecesserunt,
447 3052 511 3095 curn
532 3035 688 3094 Plutarcho
711 3051 767 3092 non
796 3050 952 3107 congruere
976 3033 1137 3105 docuimus,
1170 3034 1266 3091 nescio
1288 3048 1323 3090 an

188 3135 223 3197 de
256 3136 296 3193 eis
328 3153 438 3212 quoque
460 3136 652 3210 Phylarchum
686 3140 832 3197 auctorem
864 3141 978 3196 secutus
1011 3151 1072 3194 esse
1092 3135 1203 3207 Trogus
1233 3131 1324 3191 uideri

192 3304 387 3318 -—-·-·§·-⁴---

189 3419 278 3488 abest,
308 3424 337 3473 ut
363 3417 452 3492 laudes
476 3418 538 3474 illae
555 3419 582 3473 in
600 3429 716 3473 extrema
742 3419 796 3474 vila
823 3419 856 3473 ah
874 3434 905 3474 eo
922 3418 1120 3482 ahiudieentnr,
1148 3417 1177 3468 61
1194 3430 1216 3467 c.
1233 3412 1268 3467 30
1285 3413 1326 3468 his

188 3505 285 3562 diserte
302 3506 430 3561 fortitudo
447 3507 502 3562 eius
519 3505 641 3562 laudetur
659 3501 775 3580 (Πύρρον
793 3511 859 3580 ἔσχε
877 3538 909 3547 -
922 3500 987 3581 ἀλκή
1005 3511 1031 3558 61
1049 3500 1089 3555 ἀεὶ
1107 3509 1196 3576 ,611666
1215 3493 1326 3578 ἄμαχος

184 3595 261 3662 sqq).
297 3594 384 3662 Atque
402 3595 466 3661 quid
484 3594 662 3664 Phylarchum
680 3596 819 3665 prohibere
836 3597 934 3664 potuit,
961 3591 1078 3660 quamvis
1106 3591 1137 3645 de
1166 3591 1260 3645 ceteris
1277 3590 1329 3656 ini-¹

186 3681 263 3749 quius
280 3681 410 3750 Pyrrhum
428 3681 559 3749 iudicarit,
587 3683 721 3750 quominus
740 3684 821 3739 etiarn
838 3684 865 3737 in
882 3683 957 3735 hoste
976 3679 1166 3745 dexteritatem,
1193 3677 1325 3754 astutiam,

183 3767 361 3824 fortitudinem
379 3772 547 3836 agnosceret?
568 3771 624 3825 Nec
644 3772 725 3839 magis
743 3769 860 3838 exempla
879 3766 1050 3822 humanitatis
1068 3767 1192 3834 Antigoni
1210 3766 1326 3821 Gonatae

184 3857 211 3911 in
228 3857 286 3924 ipso
303 3857 398 3926 Pyrrhi
415 3858 484 3912 vitas
501 3857 556 3912 fine
576 3857 668 3926 allata,
696 3858 718 3912 si
737 3856 841 3924 quidem
858 3853 1005 3924 Phylarcho
1022 3855 1188 3910 attribuenda
1205 3858 1267 3908 sunt
1284 3851 1326 3920 (de

185 3960 238 4012 qua
256 3959 284 3998 re
302 3960 352 3999 non
370 3950 483 4013 constat3
509 3945 543 3999 61.
562 3946 724 4000 nuncetiam
742 3944 843 3997 Reuss
861 3959 887 4010 p.
906 3940 974 4009 144),
1002 3941 1161 4011 impediunt,
1189 3939 1326 4007 quominus

185 4031 294 4087 eundem
320 4032 474 4100 scriptorem
500 4038 552 4087 tarn
580 4033 673 4086 acerbe
690 4037 716 4086 et
732 4031 820 4098 inique
838 4029 871 4083 dc
890 4029 1022 4084 Demetrio
1049 4030 1176 4084 iudicasse
1202 4027 1326 4082 dicamus.

185 4119 279 4187 ltaque
297 4120 389 4189 Pyrrh.
409 4137 430 4174 6.
450 4120 544 4190 7-12,
574 4125 698 4188 quantum
716 4118 768 4172 huc
785 4118 931 4187 pertinent,
958 4124 985 4172 61
1003 4119 1078 4171 Dem.
1098 4134 1120 4170 c.
1139 4113 1242 4169 41-44
1259 4113 1326 4182 Phy-

185 4206 274 4261 larcho
293 4209 382 4275 utique
400 4207 501 4277 trihuo;
529 4224 578 4262 nec
596 4208 710 4276 probare
728 4221 847 4275 possum,
877 4206 946 4272 quod
964 4204 1207 4258 Miillemeister
1235 4204 1272 4271 (p.
1292 4200 1324 4253 13

186 4292 253 4360 sqq.)
272 4309 305 4347 ex
321 4294 428 4349 Timaeo
447 4311 497 4364 res,
517 4295 549 4349 de
568 4295 662 4362 quibus
680 4295 774 4363 agitur,
794 4294 901 4349 haustas
919 4307 976 4348 6666
993 4293 1149 4360 suspicatur.

173 4369 175 4373 ’
258 4378 276 4447 ¹)
296 4381 382 4434 Etiam
400 4382 505 4437 Reuss
523 4382 559 4450 (p.
579 4383 640 4448 139)
658 4382 794 4437 Plutarchi
813 4380 987 4436 narrationem
999 4395 1016 4433 a
1028 4378 1129 4433 Duride
1147 4375 1278 4433 abiudicat
1295 4389 1326 4430 eo

186 4472 335 4535 commotus,
354 4470 424 4538 quod
443 4470 475 4525 (le
496 4469 604 4525 dirersis
622 4471 782 4538 temporibus
800 4467 870 4536 apud
888 4483 932 4539 666
949 4472 1048 4533 agatur.
