3250 5109
712 417 855 503 ‚pe-l„

213 636 250 678 ex
271 617 458 677 Democharis
478 617 601 676 historia
623 633 660 674 an
681 633 718 674 ex
739 614 860 674 Atthide
882 613 1047 673 Philochori
1066 615 1156 688 petita
1176 617 1243 680 sint,
1275 614 1353 673 affir-

211 733 293 777 mare
314 733 373 776 non
394 717 501 776 audeo:
526 733 599 791 quae
621 732 646 774 c.
663 715 700 774 13
723 720 752 773 et
771 718 810 774 34
825 715 850 785 ¹)
872 715 908 772 de
933 713 1126 773 Dromoclidis
1147 716 1354 788 rogationibus,

208 836 233 877 o.
257 819 294 876 33
319 817 355 876 de
376 817 512 876 frumenti
533 816 638 890 pretio,
659 833 684 875 c.
709 817 748 872 40
771 831 815 874 ax.
839 813 874 872 de
896 815 1031 887 Apolline
1058 816 1204 888 leguntur.
1250 815 1354 884 Quam·

209 933 294 990 quam
317 917 443 976 concedo
464 917 527 976 fiori
549 933 641 988 posse,
663 922 695 974 ut
717 916 789 974 haec
806 914 933 986 ,quidem
955 931 980 972 c.
1004 917 1042 972 33
1066 921 1096 972 et
1115 916 1155 971 40
1177 921 1298 972 narrata
1319 929 1356 971 ex

209 1017 388 1089 Hieronymo
410 1023 524 1089 sumpta
545 1019 611 1075 sint.
632 1017 771 1089 Denique
793 1018 856 1075 iure
878 1015 999 1085 mireris,
1022 1015 1099 1086 quod
1120 1031 1145 1072 c.
1167 1015 1186 1071 8
1209 1015 1276 1085 dies,
1301 1030 1356 1087 quo

210 1117 376 1175 Demetrius
398 1116 532 1177 Piraeum
555 1119 678 1174 intrasse
698 1117 814 1188 dicitur,
837 1133 874 1174 ex
895 1117 1113 1174 Atheniensium
1133 1112 1216 1172 fastis
1239 1119 1268 1172 et
1288 1116 1356 1174 anni

213 1219 419 1290 compositione
441 1218 602 1290 adsorIptus
624 1222 683 1287 est,
706 1216 791 1289 idque
813 1218 908 1275 nescio
937 1233 974 1275 an
996 1221 1025 1273 et
1046 1217 1142 1287 ipsum
1168 1215 1357 1288 probabiliter

212 1316 346 1375 alterutri
367 1319 502 1391 scriptori
523 1316 694 1375 Atheniensi
714 1317 756 1374 illi
778 1315 980 1375 attribuamus.

297 1417 368 1489 Iam,
390 1418 497 1490 siquis
518 1418 547 1475 ln
569 1433 603 1474 eo
625 1416 760 1488 offendat,
782 1416 859 1488 quod
881 1416 951 1474 duos
965 1418 1120 1489 scriptores
1142 1415 1285 1487 aequales,
1307 1414 1357 1486 qui

212 1516 242 1574 in
262 1517 362 1576 eadem
384 1516 455 1575 urhe
477 1518 513 1577 de
534 1517 641 1576 eisdem
662 1516 748 1575 rebus
768 1518 944 1588 scripserunt
952 1557 964 1586 ‚
997 1515 1166 1575 Plutarchus
1197 1514 1357 1573 adhibuisse

211 1622 339 1689 putatur,
362 1631 484 1688 eumque
504 1619 674 1690 scriptorem
707 1635 764 1678 non
794 1619 865 1690 ipsis
892 1618 1040 1689 utriusque
1060 1617 1245 1676 Atheniensis
1265 1615 1356 1680 libris,

210 1716 261 1773 sed
282 1717 340 1775 alio
361 1722 496 1790 auctore,
518 1719 566 1790 qui
588 1734 623 1776 ex
644 1723 767 1790 utroque
789 1718 947 1783 hausisset,
968 1734 1052 1774 usum
1062 1707 1135 1776 'esse
1156 1717 1253 1789 malit,
1278 1717 1356 1789 equi-

141 1801 143 1804 *
212 1815 276 1873 dem
298 1833 354 1883 non
376 1833 515 1890 repugno,

688 1999 814 2006 ——m—

247 2199 262 2258 b
279 2196 303 2251 3.
333 2196 450 2257 Agitur
468 2196 508 2247 de
526 2170 671 2249 dontibus
689 2210 806 2256 rerum,
826 2210 908 2258 quae
920 2199 1056 2249 minoris
1069 2199 1221 2248 momenti
1239 2200 1323 2248 sunt.

296 2324 342 2380 Ad
368 2322 463 2382 fontes
494 2338 607 2394 rerum,
640 2338 711 2394 quas
744 2339 837 2394 neque
871 2323 1048 2394 Hieronymo
1080 2337 1173 2393 neque
1195 2319 1358 2392 Phylarcho

215 2441 307 2498 neque
328 2423 515 2496 scriptoribus
537 2421 762 2481 Atheniensibus
796 2423 1038 2491 adiudicavimus,
1071 2421 1263 2494 acquirendas
1295 2438 1360 2479 cum

213 2523 401 2589 accedamus,
434 2525 572 2595 primum,
608 2539 681 2594 qnae
711 2539 735 2580 c.
758 2523 797 2580 43
830 2522 867 2581 de
888 2521 1048 2580 Ptolemaei
1070 2520 1263 2593 Philopatoris
1295 2525 1360 2581 navi

214 2626 357 2696 leguntur,
380 2625 444 2681 sine
467 2622 553 2682 dubio
577 2621 719 2682 Callirreni
740 2622 848 2682 Rhodii
871 2623 913 2693 (3.
930 2639 1004 2681 saec.
1030 2639 1057 2680 a.
1083 2621 1168 2692 Chr.)
1190 2621 1264 2680 libro
1286 2614 1360 2702 περὶ

214 2713 467 2798 Ἀλεξανδρείας
500 2724 650 2794 debentur,
685 2725 820 2796 quoniam
843 2724 988 2782 simillima
1009 2727 1075 2780 sunt
1096 2723 1146 2782 illa
1164 2723 1227 2782 Ioco
1250 2724 1361 2782 cuidam

194 2806 253 2878 ¹en
274 2820 358 2879 huius
380 2821 454 2879 libro
477 2828 591 2878 servato
615 2822 732 2894 (Athen.
756 2825 791 2893 V,
813 2842 842 2896 p.
865 2826 953 2881 203e
974 2822 1060 2897 sqq),

299 2921 368 2992 Iam,
393 2920 468 2992 qnod
490 2919 677 2977 amicularum
697 2922 727 2977 in
747 2922 806 2979 rita
827 2922 969 2981 Demetrii
1000 2924 1114 2996 saepius
1145 2926 1252 2982 mentio
1284 2922 1362 2983 facta

215 3028 269 3093 est,
293 3022 329 3081 de
352 3022 465 3094 eisqui
486 3019 655 3091 scriberent,
691 3021 748 3078 Iam
779 3023 904 3101 antiquis
936 3023 1113 3096 temporibus
1135 3025 1211 3096 apud
1233 3023 1361 3083 Graecos

214 3123 290 3194 ipsos
312 3126 405 3192 erant,
428 3120 509 3178 velut
530 3126 560 3179 et
582 3119 790 3192 Aristophanes
816 3121 982 3193 Byzantius
1006 3124 1217 3196 Apollodorus,
1241 3123 1362 3198 Gorgias

214 3222 407 3294 Atheniensis
430 3222 481 3279 alii
504 3221 706 3280 celeberrimas
728 3235 828 3280 earum
850 3223 881 3278 in
903 3224 1017 3294 scriptis
1039 3226 1096 3282 suis
1116 3230 1311 3283 memorarunt
1321 3219 1361 3313 ²),

215 3329 243 3380 et
263 3328 367 3394 poetae
389 3322 556 3382 comoediae
578 3321 712 3382 Graecae
735 3339 826 3383 novae
858 3323 1018 3383 uberrimus
1051 3323 1114 3382 lons
1145 3331 1228 3385 erant
1261 3343 1362 3384 narra·

214 3423 404 3482 tiuncularum
426 3429 455 3482 et
475 3421 569 3482 faama
589 3423 732 3482 dictorum
754 3425 790 3482 dc
812 3424 921 3483 eisdem
942 3419 1165 3501 traditorum³).
1209 3428 1305 3498 Atque
1326 3442 1363 3483 ex

214 3519 288 3577 libro
311 3523 346 3580 de
368 3524 408 3581 eis
429 3526 536 3597 scripto
558 3526 651 3596 petita
672 3541 735 3583 esse
768 3528 830 3584 iure
852 3527 1005 3597 suspiceris
1026 3527 1139 3597 omnia,
1173 3525 1362 3585 Democharis

215 3619 309 3679 facete
330 3622 406 3681 dicto
429 3633 558 3697 excepto,
582 3640 705 3696 quaec.
729 3625 778 3690 27,
813 3641 848 3682 ea
870 3626 965 3693 etiarn,
998 3642 1071 3697 quae
1093 3625 1129 3683 de
1150 3627 1253 3685 Lamia
1274 3644 1298 3685 c.
1324 3632 1362 3688 16

215 3725 244 3778 et
268 3723 306 3778 19
330 3715 475 3798 (λέγεται
501 3754 538 3763 -
561 3719 774 3804 καταφιλεῖν)
798 3724 942 3797 leguntur.

222 3849 420 3858 ——----—-

285 3918 304 3986 1)
322 3918 392 3972 Nam
407 3919 472 3973 haec
490 3936 594 3988 quoque
611 3925 713 3991 rogatio
731 3923 758 3977 id
776 3929 878 3978 tantum
895 3921 998 3976 videtur
1015 3928 1164 3989 spectasse,
1183 3929 1212 3976 ut
1230 3923 1363 3977 Demetrio

216 4003 369 4075 adularetur
388 4012 415 4060 et
432 4004 510 4059 liberi
527 4007 632 4061 arbitrii
649 4010 762 4077 speciem
779 4009 935 4077 praeberet3
963 4009 996 4063 cl.
1015 4009 1166 4075 Droyscn
1190 4009 1211 4077 1,
1230 4008 1289 4077 569,
1307 4018 1364 4063 not.

214 4090 267 4144 41:
293 4091 428 4145 Nutrirlicb
446 4094 563 4145 murder
587 4097 725 4165 Vorachluy
754 4099 808 4150 cirac
835 4097 912 4147 hlosse
940 4097 1029 4160 Form,
1057 4095 1093 4146 da
1121 4094 1267 4147 Demetrius
1293 4096 1363 4147 haue

215 4179 305 4230 Plotae
322 4180 399 4232 sehon
419 4180 504 4248 ldnpst
521 4183 612 4234 bcaetat
628 4182 705 4235 batte.

285 4264 305 4331 2)
325 4265 359 4319 cf.
378 4267 427 4321 Fr.
446 4268 584 4330 Jacobs,
612 4271 761 4322 Vermischtc
780 4272 920 4338 Schriften,
937 4270 983 4338 IV,
1001 4269 1054 4322 315
1072 4284 1111 4335 sq.

285 4351 305 4421 ³)
325 4353 410 4423 Talia,
428 4361 458 4409 ut
475 4355 524 4409 hoc
542 4362 608 4424 utar,
637 4356 735 4411 Macho
763 4364 840 4427 poeta
860 4355 1179 4411 comicusAlexandrinus
1195 4357 1223 4408 in
1241 4358 1361 4427 Χρείαις,

215 4454 280 4506 quas
298 4442 454 4510 composuit,
473 4446 623 4498 memoravit
641 4445 686 4514 (ci.
706 4444 804 4501 Athen.
824 4444 900 4508 XIII,
918 4461 944 4512 p.
963 4444 1013 4499 577
1032 4442 1178 4508 etatae).

1212 4538 1261 4575 aas
