3250 5109
740 425 887 510 Aa.

240 642 363 685 resnou
387 625 470 683 nimis
493 625 518 681 ei
541 623 742 696 exprobranda
765 629 817 689 est,
840 624 944 695 quippe
967 622 1013 694 qui
1025 618 1285 683 Alexandrinorum
1305 626 1378 682 tern-

243 726 360 800 poribus
382 727 494 785 vaerit.
654 714 658 722 ’
1407 709 1409 712 ’

324 827 418 900 Atque
440 827 514 900 quod
535 841 674 898 nusquam
696 825 724 882 in
744 825 799 884 hac
822 827 880 884 rita
892 828 1074 901 Phylarchus
1095 832 1196 886 auctor
1207 826 1380 899 nommetur,

240 928 269 987 id
292 928 352 987 lere
374 929 477 986 nullius
500 928 637 985 momenti
660 932 711 984 est.
759 927 820 984 Ncc
851 930 941 1003 magis
975 930 1102 1003 opinioni
1133 927 1298 1001 propositae
1330 925 1381 984 oh·

240 1035 309 1101 stat,
330 1029 405 1102 quod
426 1027 596 1087 Plutarchus
614 1028 813 1087 auctoritatem
825 1029 983 1102 Phylarchi
1005 1046 1209 1101 nonnunquam
1229 1027 1381 1099 aspernari

240 1131 352 1190 uidetur
373 1123 427 1206 (cf.
450 1129 531 1188 Arat.
553 1147 577 1187 c.
601 1131 649 1198 38,
672 1129 775 1188 Them:
792 1146 818 1186 c.
835 1129 904 1202 32);
929 1115 994 1187 nam
1020 1130 1068 1188 ille
1091 1130 1215 1202 scriptor
1237 1144 1329 1201 neque
1351 1129 1380 1185 in

240 1231 403 1305 iudicando,
424 1231 453 1288 id
475 1230 550 1303 quod
572 1230 750 1289 notissimum
773 1235 824 1298 est,
859 1229 914 1287 sibi
935 1230 1066 1288 constitit
1088 1235 1117 1287 et
1138 1229 1330 1302 Phylarchum
1352 1229 1381 1285 in

239 1334 305 1390 vitis
327 1332 436 1404 Agidis,
460 1332 627 1407 Cleomenis,
649 1330 740 1401 Arati,
763 1328 869 1402 Pyrrhi
884 1330 907 1398 ¹)
931 1329 1090 1390 scribendis
1119 1347 1175 1388 non
1208 1347 1275 1389 raro
1299 1329 1380 1388 adhi-

240 1433 309 1507 buit.
354 1432 580 1502 decertabis,
611 1433 739 1503 quamvis
769 1433 883 1488 nomine
905 1446 963 1489 non
992 1430 1108 1504 addito,
1137 1432 1325 1490 Plutarchum
1347 1446 1383 1488 ex

240 1533 393 1605 Phylarchi
414 1533 543 1590 historiis
565 1531 593 1590 in
616 1531 670 1591 hac
689 1533 748 1590 vita
771 1531 898 1589 hausisse
919 1531 1006 1604 paulo
1028 1536 1094 1604 post
1116 1530 1277 1605 apparebit.

321 1635 382 1694 Nec
404 1634 480 1705 quod
501 1633 637 1693 historiae
659 1631 812 1705 Phylarchi
843 1649 933 1704 usque
963 1633 999 1691 ad
1022 1650 1047 1691 a.
1070 1635 1130 1691 220
1160 1633 1298 1708 deductae
1320 1630 1382 1691 fere

242 1739 381 1809 putantur
402 1751 420 1792 a
439 1734 546 1808 Pyrrhi
578 1735 724 1792 invasione
750 1735 779 1790 in
808 1733 1036 1804 Peloponnesum
1058 1731 1136 1793 facta
1164 1734 1202 1805 (a.
1224 1729 1298 1811 272)
1327 1735 1381 1792 ini-

239 1839 311 1894 tium
345 1837 458 1909 cepisse,
490 1836 557 1894 inde
587 1841 628 1894 est
659 1852 709 1893 cur
741 1833 902 1893 dubitemus
930 1850 995 1892 eum
1026 1833 1220 1894 aPlutarcho
1253 1834 1383 1894 adhiberi

239 1936 363 2008 potuisse
384 1937 414 1993 in
436 1937 576 1995 Demetrii
597 1937 663 1995 vita.
722 1935 796 1994 Nam
818 1936 849 1991 in
873 1934 1017 1993 nonnullis
1040 1934 1208 2009 fragmentis
1230 1936 1310 1994 istIus
1332 1951 1382 1994 au·

229 2037 327 2094 vetoris
348 2051 394 2094 res
422 2043 489 2096 ante
520 2038 598 2095 illam
630 2035 840 2108 expeditionem
873 2033 966 2094 factae
998 2039 1209 2110 memorantur,
1242 2051 1327 2107 quam
1348 2033 1383 2093 ob

241 2153 352 2195 causam
374 2135 498 2210 fuerunt,
522 2139 570 2210 qui
591 2139 647 2196 iam
670 2138 705 2195 ab
720 2136 880 2195 Alexandri
896 2136 996 2210 Magni
1018 2137 1101 2210 regni
1122 2136 1212 2195 initiis
1234 2137 1278 2196 vel
1292 2143 1384 2196 morte

240 2238 430 2311 Phylarchum
463 2239 606 2298 scrihendi
638 2239 749 2299 mittum
782 2237 885 2296 fecisse
919 2238 1116 2309 opinarentur.
1167 2237 1276 2296 Tamen
1298 2240 1383 2312 vulgo

241 2356 275 2397 ea
296 2341 438 2397 sententia
458 2341 548 2411 magis
569 2333 748 2412 probatur²l
764 2355 825 2410 res,
856 2353 929 2410 quae
952 2343 1019 2396 ante
1040 2337 1148 2411 Pyrrhi
1168 2338 1379 2413 expeditionem

240 2437 333 2498 factae
355 2443 556 2511 memorantur,
579 2439 615 2497 ab
636 2439 684 2497 illo
707 2439 798 2498 obiter
822 2444 935 2498 tantum
955 2443 1095 2520 tractatas
1118 2455 1187 2497 csse.
1232 2440 1333 2511 Quem,
1357 2443 1381 2498 si

241 2540 384 2612 aPyrrhi
404 2539 585 2613 expeditione
606 2540 655 2599 illa
677 2555 794 2599 exorsus
816 2546 874 2613 est,
905 2539 991 2600 etiam
1021 2540 1057 2599 de
1087 2540 1184 2614 priore
1214 2542 1275 2598 eius
1289 2610 1292 2618 Ι
1306 2542 1383 2613 regis

240 2638 298 2697 vita
319 2641 381 2699 loco
403 2641 500 2714 aliquo
521 2647 589 2714 apto
612 2642 737 2700 locutum
760 2657 820 2700 esse
842 2644 906 2700 iure
931 2646 1091 2716 exspectes.
1142 2642 1204 2713 Qua
1233 2642 1382 2700 occasione

241 2738 309 2796 data
331 2738 470 2798 Demetrii
492 2744 664 2802 mentionem
685 2741 791 2802 factam
811 2759 873 2802 esse
898 2761 960 2802 cum
983 2749 1012 2803 et
1034 2760 1086 2815 per
1108 2759 1156 2818 se,
1193 2743 1297 2816 quippe
1319 2759 1384 2800 cum

242 2839 354 2911 Pyrrho
373 2839 467 2899 affinis
489 2845 518 2897 et
539 2843 664 2912 aequalis
686 2842 786 2914 fueris,
821 2845 857 2901 sit
888 2846 948 2903 veri
981 2843 1073 2903 simile
1104 2849 1134 2903 et
1156 2859 1191 2911 ex
1212 2841 1267 2917 frg.
1292 2843 1319 2899 6.
1344 2846 1383 2901 29

243 2938 292 3014 (de
325 2939 424 3012 quibus
457 2941 555 2998 statim
587 2931 721 3015 age'tur),
752 2944 790 3000 20
826 2945 869 3013 (in
906 2962 962 3017 quo
997 2945 1161 3004 Demetrius
1198 2929 1383 3025 φιλόγελως

243 3041 418 3114 appellatur)
451 3041 651 3117 intellegatur,
686 3041 817 3113 equidem
856 3047 981 3116 suspicor
1014 3044 1204 3119 Phylarchum
1236 3048 1383 3104 rhetorum

242 3136 362 3219 modo³l
394 3143 515 3201 duorum
548 3143 668 3202 istorum
700 3144 804 3202 ducum
838 3147 1083 3216 comparationem
1117 3148 1244 3206 historiis
1265 3148 1321 3205 suis
1341 3148 1384 3204 in·
1462 3223 1465 3228 Ι

244 3245 365 3304 seruisse
396 3250 426 3303 et
447 3244 481 3302 in·
508 3261 628 3303 excursu
650 3245 768 3304 alterius
793 3259 841 3302 ros
863 3249 959 3317 gestas
983 3263 1046 3305 cum
1068 3249 1185 3308 alterius
1207 3265 1241 3308 ea
1271 3249 1384 3306 ratione

245 3347 409 3418 contulisse,
430 3363 486 3420 qua
508 3346 589 3406 Dem.
612 3362 635 3404 c.
658 3349 695 3404 41
721 3362 781 3420 sqq.
804 3347 912 3404 factum
935 3361 999 3404 esse
1022 3351 1220 3423 cognovimus3
1245 3363 1385 3422 quaeres

245 3462 421 3520 nequaquam
444 3448 570 3521 impedis
590 3449 739 3522 quominus
761 3444 838 3506 idem
859 3448 1146 3519 scriptorpraeterea
1166 3451 1196 3509 in
1218 3452 1282 3511 aliis
1303 3447 1385 3509 libris

246 3545 353 3606 facetus
375 3550 512 3621 quasdam
533 3565 617 3610 voces
638 3549 780 3609 Demetrii
800 3549 846 3607 vel
869 3548 972 3607 similia
996 3554 1268 3611 commemoraverit.

328 3649 403 3708 Nam
440 3653 566 3724 quamvis
598 3667 737 3724 nusquam
768 3650 876 3710 diserte
905 3649 1017 3709 dicatur
1039 3648 1075 3708 de
1092 3651 1239 3711 Demetrio
1262 3655 1385 3728 maligue
1494 3682 1497 3687 ·

246 3722 373 3808 ir'rdicare
394 3748 587 3835 Phylarchus,
620 3758 725 3825 tamen,
760 3735 824 3810 curn
846 3748 952 3810 bellum
974 3767 992 3810 a
1014 3749 1166 3811 Cleomene
1187 3769 1239 3823 pro
1272 3757 1385 3827 patriae

246 3849 381 3910 libertate
410 3856 571 3922 susceptum
593 3869 702 3912 summo
733 3853 827 3913 studio
850 3853 1032 3927 descripserit
1060 3853 1308 3941 Macedonumque
1336 3857 1385 3915 do·

316 4115 335 4181 1)
354 4112 483 4172 Mulier
500 4113 521 4186 I,
540 4114 649 4186 LXXX,
678 4124 704 4173 et
724 4119 756 4175 h.
775 4117 930 4185 Schdfer‚
959 4116 1049 4173 atrise
1067 4119 1115 4171 der
1134 4116 1324 4182 Quellcaltunda
1342 4118 1387 4170 der

246 4202 418 4271 griechischen
439 4205 585 4258 desolacio
606 4205 643 4258 his
662 4208 713 4272 aas
726 4207 853 4278 Polybiou,
870 4207 944 4275 Lips.
963 4206 1040 4271 1873,
1057 4223 1083 4275 p.
1102 4205 1143 4259 98.
1381 4196 1383 4198 ’

319 4290 338 4360 ²)
357 4291 390 4347 cl.
410 4292 538 4348 decuriis
557 4295 691 4350 sententiis
709 4295 833 4350 Mttller
852 4296 873 4365 I,
892 4294 1044 4349 LXXVIII.

314 4380 337 4448 ³)
358 4379 442 4434 Simili
469 4383 577 4437 consilio
604 4383 735 4453 componit
763 4383 886 4452 Ephorus
903 4383 1061 4438 Pausaniam
1089 4387 1115 4437 et
1132 4379 1274 4435 Aristidem
1301 4381 1386 4450 (Diod.

246 4463 294 4532 XI,
313 4465 365 4535 46),
384 4468 584 4525 Themistoclem
602 4477 629 4525 et
647 4470 778 4526 Cimonem
798 4469 842 4540 (id.
861 4470 895 4523 ib.
915 4488 938 4524 c.
959 4469 994 4524 54
1012 4486 1069 4539 sqq.
1088 4476 1114 4524 ot
1130 4487 1151 4524 c.
1169 4469 1204 4524 60
1221 4469 1296 4538 sqq).

295 4558 571 4614 Moersohhaeher,
586 4563 729 4607 Plutarchus
744 4564 768 4605 in
782 4563 832 4605 ulta
849 4563 971 4607 Demetrii.
1278 4565 1297 4601 ἵ
1406 4580 1412 4584 ·
