3250 5109
704 882 845 996 Caput
877 884 909 966 Ι.
958 908 962 916 ’
1012 904 1014 907 ’
1194 994 1203 1000 1

407 1045 616 1184 Comparantur
645 1045 790 1149 Plutarchi
821 1061 849 1149 ot
878 1044 992 1148 bition
1021 1045 1213 1149 narrationes.

295 1395 313 1463 3
332 1394 355 1448 1.
392 1397 522 1462 Similia,
541 1409 623 1456 quae
641 1396 682 1446 ab
701 1399 840 1456 utroque
857 1396 1013 1456 scriptore
1030 1395 1166 1446 maxime
1185 1395 1321 1446 eundem

488 1485 652 1534 auctorem
669 1485 866 1545 exscriptum
891 1495 959 1532 esse
976 1481 1129 1532 indicent.

321 1608 387 1679 lpse
410 1608 608 1679 quaestionem
630 1605 666 1665 de
696 1607 771 1665 uitae
793 1606 936 1665 Demetrii
965 1604 1089 1664 fontibus
1109 1606 1152 1663 ita
1172 1605 1328 1675 instituam,
1351 1611 1384 1665 ut

238 1709 363 1781 primum
384 1704 532 1764 Plutarchi
553 1711 582 1763 et
603 1704 727 1763 Diodori
755 1704 945 1765 relationibus
978 1706 1152 1778 comparatis
1179 1720 1252 1776 quae
1282 1705 1385 1763 similia

239 1811 270 1865 et
292 1807 322 1862 in
343 1803 429 1864 rebus
451 1807 531 1863 etin
553 1801 649 1863 uerbis
671 1805 759 1863 insint
781 1812 810 1864 et
832 1811 985 1879 utrumque
1016 1806 1188 1878 scriptorem
1216 1805 1384 1878 plerumque

238 1923 277 1964 ex
298 1906 441 1962 communi
463 1904 544 1962 fonte
566 1920 618 1963 sua
640 1906 777 1976 petivisse
799 1905 931 1977 doceant,
953 1906 1098 1980 indagem.
1119 1904 1165 1963 De
1185 1894 1385 1977 discrepantiis

239 2009 348 2077 autem,
371 2006 394 2062 si
417 2021 490 2077 quae
512 2003 593 2063 uobis
614 2004 726 2063 obviam
748 2003 863 2077 fuerint,
887 2012 990 2080 postea
1010 2006 1090 2065 locus
1113 2005 1277 2077 disputandi
1298 2007 1363 2064 erit.

324 2104 418 2177 Atque
433 2103 582 2164 Plutarchi
600 2110 629 2163 et
646 2104 768 2165 Diodori
791 2105 1007 2164 narrationibus
1022 2105 1133 2164 collatis
1154 2105 1279 2176 primum
1299 2122 1386 2179 argu-

238 2209 369 2262 mentum
391 2207 548 2263 commuuis
570 2204 657 2264 fontis
678 2205 798 2264 adhibiti
821 2206 876 2264 hoc
897 2212 954 2276 est,
986 2206 1060 2279 quod
1081 2221 1193 2276 rerum,
1223 2221 1296 2276 qnae
1325 2210 1387 2264 tra·

240 2303 356 2378 duntur,
379 2309 410 2361 et
430 2306 518 2363 series
540 2305 666 2376 ordoque
690 2304 750 2378 fere
773 2321 887 2377 semper
908 2304 985 2363 idem
1006 2310 1052 2364 est
1073 2309 1102 2362 et
1122 2319 1192 2376 pars
1212 2303 1291 2362 hand
1305 2320 1387 2378 sper-

181 2391 183 2394 *
241 2403 337 2462 nenda
358 2403 393 2462 de
415 2405 536 2478 singulis
554 2404 584 2462 in
605 2409 729 2476 utraque
748 2405 891 2463 relatione
916 2405 1041 2462 narratis
1056 2404 1209 2462 consentit.
1234 2403 1316 2474 Quod
1331 2421 1387 2477 quo
1478 2472 1487 2491 '

239 2506 303 2563 iure
325 2502 432 2563 dictum
455 2505 501 2576 sit,
526 2509 561 2562 ut
582 2509 730 2578 appareat,
752 2506 810 2562 iam
832 2503 868 2563 ad
889 2503 1030 2561 Demetrii
1052 2503 1130 2560 uitae
1152 2518 1176 2560 c.
1199 2503 1280 2560 5-7
1302 2519 1383 2562 aece-

240 2604 355 2696 damus,
393 2621 457 2664 cum
496 2605 532 2662 de
564 2621 590 2663 e.
622 2608 701 2662 1-4
731 2606 858 2676 quaestio
887 2605 982 2677 aptius
1013 2606 1117 2675 postea
1149 2603 1191 2674 (p.
1214 2602 1270 2674 24)
1302 2604 1388 2663 insti-

240 2707 304 2762 tuat
341 2749 347 2761 .
799 2702 802 2706 ’

325 2804 368 2860 aa
389 2803 513 2875 promum
534 2804 620 2862 prou.
643 2804 723 2872 xix,
749 2805 786 2861 no
810 2820 855 2862 ex.
878 2806 958 2862 —ee
989 2809 1018 2862 et
1040 2773 1185 2862 oo-noo
1205 2802 1388 2862 Ptolemaeus

155 2984 159 2999 Ι
240 2903 349 2963 dicitur
379 2900 505 2975 Cyprum
536 2908 634 2961 vectus
668 2909 712 2976 et,
745 2903 812 2962 dnm
846 2902 959 2975 Syriam
991 2903 1171 2975 superiorem
1203 2902 1388 2976 Ciliciamque
1464 2947 1467 2953 .

240 3008 347 3072 uastat,
369 3001 480 3062 frustra
494 3019 513 3061 a
526 3005 676 3063 Demetrio
692 3021 727 3062 ex
742 3002 909 3076 coelesyria
929 3002 1060 3076 profecto
1081 3003 1190 3076 petitus
1213 3018 1290 3075 esse;
1313 3004 1390 3062 idem

241 3105 345 3177 deinde
366 3105 530 3162 incursione
560 3106 590 3162 in
611 3104 687 3165 hanc
707 3110 815 3164 terram
837 3103 914 3162 facta
935 3103 1073 3177 Antigoni
1100 3101 1160 3161 filio
1181 3103 1257 3176 apud
1279 3103 1388 3162 Gazam
1483 3127 1485 3133 ·

179 3238 182 3243 ι
243 3213 285 3282 (a.
310 3204 385 3276 312)
409 3204 519 3266 cladem
541 3204 685 3276 intulisse,
711 3204 780 3276 sed,
811 3219 876 3262 cum
898 3202 1092 3262 aduersarium
1112 3202 1275 3263 recentibus
1296 3205 1388 3276 copiis

240 3304 387 3364 firmatum
409 3305 508 3365 eodem
529 3305 590 3364 fere
612 3311 750 3380 tempore,
773 3320 829 3378 quo
853 3304 989 3362 Seleucus
1011 3302 1202 3376 Babyloniam
1223 3311 1387 3376 recuperat,

155 3440 164 3489 ¹3
244 3404 274 3461 in
297 3401 380 3476 Syria
404 3406 555 3480 superiore
579 3403 688 3474 Gillem,
711 3406 812 3464 ducem
833 3405 1024 3477 Aegyptium,
1045 3404 1147 3461 vicisse
1169 3407 1199 3461 et
1221 3388 1389 3476 compatre

155 3496 170 3507 ”
244 3518 277 3561 se
301 3505 481 3566 coniunxisse
503 3505 666 3580 audivisset,
683 3507 713 3563 in
735 3505 898 3578 Aegyptum
919 3520 950 3562 se
970 3502 1123 3575 recepisse.
1166 3503 1279 3562 Deinde
1301 3518 1389 3576 expe·

244 3603 370 3662 ditiones
398 3606 536 3681 Antigoni
557 3607 635 3666 iussu
656 3608 687 3664 iu
715 3605 880 3665 Nabataeos
902 3609 1051 3677 susceptae
1073 3607 1103 3662 et
1123 3605 1247 3661 incursio
1268 3609 1389 3677 propter

243 3703 358 3762 Seleuci
390 3721 458 3776 opes
489 3709 519 3765 in
550 3707 611 3765 dies
640 3711 801 3765 crescentes
833 3707 862 3763 in
893 3703 1082 3777 Babyloniam
1114 3703 1191 3762 facta
1223 3703 1388 3762 describun-

244 3809 301 3863 tur.
352 3802 436 3883 Quod
466 3808 491 3864 si
523 3806 709 3865 Plutarchum
742 3806 781 3876 (c.
805 3804 901 3877 5-7)
929 3820 993 3862 cum
1014 3803 1143 3864 Diodoro
1165 3806 1387 3877 comparaveris,

244 3911 277 3964 et
297 3921 345 3964 res
366 3910 468 3980 gestae
490 3907 589 3966 eodem
613 3907 715 3966 ordine
737 3923 768 3966 se
790 3907 935 3980 excipiunt
956 3909 986 3963 et
1008 3905 1064 3962 duo
1085 3904 1133 3962 isti
1156 3904 1311 3975 scriptores
1332 3920 1388 3960 non

242 4005 337 4064 solnm
358 4006 526 4079 generatim,
551 4008 601 4066 sed
623 4007 727 4081 etiam,
750 4007 879 4079 quamuis
899 4006 973 4064 alter
992 4003 1175 4075 brevissime,
1198 4003 1271 4062 alter
1293 3986 1389 4075 copio-

244 4106 356 4164 sissime
379 4104 543 4179 tradiderit,
565 4107 600 4166 de
622 4107 741 4180 singulis
763 4106 953 4166 consentiunt.
974 4161 976 4164 Α
1004 4103 1046 4162 Ut
1072 4105 1115 4162 his
1144 4109 1224 4174 utar,
1255 4109 1285 4161 et
1313 4102 1391 4173 apud

244 4205 326 4264 illum
347 4210 377 4263 et
398 4205 475 4278 apud
496 4206 572 4265 hunc
593 4208 762 4280 scriptorem
790 4206 896 4264 dicitur
916 4204 1081 4264 Demetrius
1107 4203 1257 4262 admodum
1280 4203 1389 4262 iuuenis

245 4302 335 4365 luisse
356 4305 454 4376 (Dem.
477 4308 533 4366 ab
555 4304 629 4372 uice
652 4303 710 4364 καὶ
733 4294 880 4381 ἄπειρος,
902 4303 989 4362 Diod.
1012 4321 1036 4361 c.
1049 4307 1086 4362 81
1110 4300 1185 4368 νέος
1207 4289 1252 4359 do
1273 4318 1388 4360 παντε-

155 4460 161 4475 ,
246 4400 343 4484 λῶς),
371 4405 449 4466 idem
471 4412 531 4465 tum
560 4407 682 4479 primum
712 4407 830 4480 proprio
851 4405 971 4465 consilio
992 4403 1097 4463 bellum
1125 4403 1262 4477 gessisse,
1292 4402 1389 4462 Ptole.

1258 4503 1293 4547 χὴ
