3250 5109
738 423 832 506 „U

237 624 301 688 est,
336 618 410 692 quod
432 635 449 676 a
469 619 631 687 Plutarcho,
658 624 878 678 commemorata
900 620 976 692 apud
1000 618 1161 678 Diodorum
1182 620 1385 680 desiderantur

238 719 346 777 leviora
367 718 453 777 haec:
478 735 520 789 ea,
544 734 615 792 quae
636 720 717 778 Dem.
743 737 766 778 c.
792 721 829 778 18
857 721 1018 778 narrationi
1040 720 1075 779 de
1097 721 1176 793 regio
1199 721 1314 779 nomine
1337 737 1384 779 as·
1473 772 1475 779 .

237 824 352 894 sumpto
373 818 473 877 addita
495 824 561 878 sunt
582 820 617 877 de
640 820 757 879 Seleuco
780 824 809 878 et
826 818 1001 900 Cassandro,
1017 821 1152 894 itemque,
1174 837 1249 893 quae
1270 837 1295 878 c.
1308 821 1327 878 5
1341 839 1384 896 sq·
1470 888 1472 893 ¹

240 919 275 977 de
296 925 362 978 vnto
383 919 525 978 Demetrii
545 903 722 992 captivisque
744 919 780 978 ab
801 935 836 977 eo
857 920 1000 989 remissie,
1033 938 1057 979 c.
1080 924 1120 980 22
1143 919 1180 980 de
1200 921 1288 994 Ialysi
1309 923 1385 980 ima·

240 1018 306 1092 gine
327 1020 470 1092 leguntur.
524 1018 599 1090 Quas
620 1034 667 1078 res
689 1036 753 1078 curn
782 1020 923 1078 communi
949 1019 1022 1079 souti
1052 1019 1259 1090 attribuamus,
1287 1026 1384 1082 tamen

241 1135 265 1177 c.
290 1121 327 1176 18
360 1114 460 1176 τοῦτο
485 1113 522 1176 δὲ
543 1135 604 1191 sqq.
630 1118 785 1178 Plutarchi
816 1120 976 1191 sententia,
1009 1136 1033 1178 c.
1056 1123 1095 1180 22
1128 1108 1284 1179 iord--
1312 1121 1384 1180 ἐπε-

242 1216 379 1294 νείματο
391 1224 429 1277 et
434 1235 477 1290 ea,
501 1234 575 1291 quae
596 1218 703 1277 ibidem
725 1220 811 1292 paulo
827 1224 878 1278 ant
879 1236 894 1279 e
865 1218 945 1278 tde
956 1218 1116 1293 Philippit
1103 1220 1263 1335 tabellariis
1282 1223 1385 1297 legun·
1394 1229 1411 1243 ·’

243 1325 299 1395 ιιι,
323 1324 374 1393 pot
375 1321 417 1378 ius
440 1319 546 1378 diversi
568 1317 657 1377 fontis
679 1319 776 1379 vident
763 1324 811 1378 tur
833 1335 904 1378 esse

326 1420 383 1478 Sed
405 1420 624 1493 progrediamur
646 1419 767 1491 adres,
799 1436 872 1492 quae
894 1419 983 1479 abt
951 1425 1076 1493 utroque
1096 1422 1239 1495 scriptore
1260 1378 1351 1481 tradit
1339 1427 1388 1481 tae

241 1522 284 1578 ita
305 1520 470 1591 discrepare
491 1519 658 1590 videantur,
691 1523 724 1577 ut
730 1520 848 1591 primo
881 1520 984 1578 obtutu
1005 1536 1182 1579 communem
1215 1519 1322 1581 fontem
1345 1524 1387 1580 eis

224 1619 331 1678 ¹fuisse
353 1616 519 1694 diffitearis,
542 1625 574 1677 ιιι
594 1625 689 1678 temen
711 1621 784 1679 istae
811 1636 857 1678 res
878 1622 1046 1694 plerumque
1067 1620 1146 1680 nullo
1167 1622 1285 1694 negotio
1306 1621 1387 1693 iungi

242 1721 361 1793 possint.
404 1719 499 1791 Atque
522 1737 556 1782 ex
575 1719 730 1778 levioribus
762 1724 793 1777 ut
824 1720 880 1778 hoc
905 1718 1042 1788 afferam,
1075 1722 1192 1780 minima
1223 1720 1387 1780 differentia

246 1825 301 1891 est,
324 1820 400 1892 quod
421 1820 565 1879 Diodorus
588 1818 670 1892 (XX,
693 1819 748 1891 46)
767 1818 944 1893 Antigonum
959 1818 1179 1880 Atheniensibus
1200 1838 1266 1880 cum
1285 1822 1389 1896 legatis

249 1936 347 1978 eorum
368 1921 538 1979 collocutum
561 1921 637 1980 dona
659 1919 1045 1992 concessisse,“Plutarchus
1068 1916 1108 1998 [c.
1134 1919 1186 1993 10)
1208 1920 1388 1982 Demetrium

244 2021 318 2079 haec
339 2020 460 2080 Athenis
481 2021 646 2092 promisisse
660 2021 776 2096 tradit,
810 2037 875 2080 cum
906 2021 980 2083 fieri,
1001 2023 1110 2094 possit,
1143 2028 1176 2082 ut
1196 2023 1226 2081 in
1247 2025 1391 2083 communi

247 2121 326 2180 fonte
338 2121 473 2193 scriptum
494 2119 582 2178 fuerit
592 2119 768 2180 Demetrium
789 2121 840 2179 illa
860 2120 935 2180 dona
956 2121 1115 2192 pollicitum
1136 2137 1208 2192 esse,
1231 2122 1389 2195 eademque

248 2219 439 2279 Athenienses
467 2221 571 2294 legatis
595 2222 689 2280 missis
717 2238 735 2278 a
762 2227 847 2294 patre
873 2222 935 2279 eius
965 2221 1117 2292 accepisse.
1166 2220 1322 2280 Accedenti
1350 2222 1388 2281 ad

247 2336 296 2380 res
316 2321 463 2396 graviores
485 2321 520 2380 de
541 2326 686 2394 tempore,
717 2338 772 2393 quo
795 2321 944 2380 Menelaus
966 2323 997 2379 in
1019 2316 1095 2380 hello
1116 2319 1223 2394 cyprio
1243 2337 1332 2381 naves
1352 2339 1389 2381 ex

248 2427 336 2495 portu
358 2424 488 2481 emittere
509 2423 604 2481 iussus
624 2423 670 2492 sit,
694 2423 817 2481 alterum
839 2420 877 2479 ab
893 2422 985 2480 altero
1006 2420 1122 2481 differre
1144 2426 1281 2495 apparet3
1302 2427 1390 2496 atque

249 2539 313 2581 cum
332 2522 477 2582 Diodorus
498 2522 569 2580 nihil
593 2520 696 2581 afferat
717 2524 752 2581 de
774 2522 933 2581 Ptolemaei
953 2521 1099 2592 mandato,
1131 2528 1165 2580 ut
1183 2519 1290 2594 frater,
1322 2523 1390 2583 dum

246 2623 386 2681 acerrime
407 2622 632 2694 proeliarentur,
656 2623 687 2680 iu
712 2622 852 2681 Demetrii
872 2625 995 2682 classem
1016 2629 1203 2701 erumperet,
1216 2623 1390 2684 Plutarchus

247 2723 320 2782 illud
342 2723 508 2782 mandatum
533 2721 606 2782 Citio
621 2723 753 2782 Menelao
775 2722 889 2781 missum
910 2723 1077 2795 pariterque
1098 2724 1190 2795 ipsam
1211 2726 1390 2796 eruptionem

247 2822 354 2885 iactam
375 2825 522 2897 praeterit.
575 2823 614 2882 At
636 2824 730 2896 potius
751 2827 854 2883 neuter
881 2823 1005 2894 scriptor
1026 2825 1137 2895 omnia,
1166 2839 1239 2897 quae
1260 2825 1290 2884 in
1311 2822 1391 2884 fonte

249 2926 378 2996 inerant,
412 2924 564 2983 tradidisse
596 2924 723 2995 videtur,
756 2926 786 2981 iu
809 2940 864 2997 quo
895 2922 956 2982 fere
984 2925 1057 2983 haec
1087 2926 1262 2983 invenerint:
1295 2924 1391 2984 Ptole·

248 3040 360 3083 maeum
380 3025 512 3096 primum,
535 3031 566 3083 ut
586 3026 736 3083 Menelaus
758 3039 825 3083 suas
846 3040 933 3083 naves
955 3024 1009 3097 ipsi
1030 3025 1067 3083 ad
1089 3025 1208 3084 classem
1229 3025 1390 3099 augendam

249 3124 385 3196 mitteret,
408 3126 556 3200 petivisse,
581 3125 703 3184 eundem
725 3130 822 3184 eutem
843 3140 945 3196 parum
966 3123 1091 3184 feheiter
1110 3124 1281 3191 succedente
1302 3139 1338 3182 ea
1358 3141 1391 3182 re

249 3229 321 3283 ante
339 3226 479 3298 proelium
501 3226 602 3284 initum
622 3226 727 3284 iterum
748 3223 887 3294 fratrem,
920 3224 987 3282 dum
1007 3224 1235 3295 proeliarentur,
1266 3223 1390 3282 hostium

249 3326 369 3384 classem
397 3320 518 3399 atergc
546 3325 655 3385 adoriri
684 3325 815 3396 iussisse3
848 3323 933 3396 idque
963 3323 1075 3383 tardius
1108 3329 1137 3382 et
1168 3325 1229 3381 sine
1260 3339 1392 3382 successu

249 3427 415 3485 Menelaum
436 3427 548 3500 paucis,
582 3441 652 3498 quas
672 3424 836 3483 Demetrius
863 3424 919 3496 ipsi
940 3425 1138 3497 opposuisset,
1170 3422 1289 3482 navibus
1309 3424 1393 3484 vietis

248 3523 360 3584 fecisse.
404 3527 486 3599 Quod
509 3528 534 3584 si
553 3526 616 3586 fieri
638 3541 737 3597 posse,
760 3531 791 3583 ut
814 3525 889 3582 istae
910 3540 956 3582 res
977 3526 1018 3581 ita
1039 3523 1174 3597 deinceps
1202 3528 1301 3597 gestae
1322 3525 1390 3596 sint,

251 3628 433 3696 concesseris,
456 3623 636 3685 manifestum
658 3625 821 3698 exemplum
842 3621 944 3696 habes,
967 3628 1074 3696 quauta
1095 3623 1240 3682 interdum
1261 3624 1291 3682 iu
1311 3622 1391 3684 fonte

249 3725 412 3784 adhibendo
433 3726 579 3785 Plutarchi
610 3725 743 3786 socordia
763 3724 859 3782 inerit.
902 3723 943 3782 Ut
976 3723 1069 3792 enim,
1101 3723 1178 3796 quod
1209 3724 1290 3796 prius
1321 3724 1390 3782 illud

249 3826 413 3884 mandatnm
433 3827 537 3897 omisit,
559 3823 643 3884 facile
666 3827 693 3884 ei
713 3824 928 3898 indulgeamus,
952 3824 1088 3901 quoniam
1109 3825 1225 3882 omnino
1248 3818 1390 3882 derebus

247 3943 374 4000 pugnam
395 3927 525 4009 navalem
546 3925 782 3985 antecedentibus
804 3925 968 3984 brevissime
998 3927 1072 3998 egit,
1100 3930 1206 3994 tamen,
1228 3923 1304 3996 quod
1325 3940 1390 3981 cru·

249 4029 355 4101 pticnis
382 4025 478 4085 iactae
506 4029 678 4084 mentionem
707 4042 763 4084 uon
792 4025 875 4097 fecit,
909 4023 946 4082 de
967 4040 1024 4098 qua
1044 4022 1186 4099 imperata
1206 4029 1293 4082 antea
1313 4025 1390 4082 solus

249 4132 473 4197 memoraverat,
506 4126 536 4185 id
567 4126 644 4185 haud
675 4125 760 4184 dubie
792 4142 848 4184 non
873 4127 937 4184 leve
958 4126 1157 4200 neglegentiae
1178 4124 1314 4183 iudicium
1336 4128 1389 4182 est.

158 4250 161 4255 ·
249 4227 384 4302 Itemque,
407 4229 430 4286 si
452 4228 520 4300 quid
541 4228 631 4299 siden,
654 4232 683 4285 et
705 4225 878 4285 Plutarchus
899 4230 929 4284 et
950 4225 1095 4286 Diodorus
1126 4224 1222 4298 (Dent.
1247 4241 1272 4282 c.
1295 4225 1314 4281 8
1336 4239 1388 4295 sq,

153 4328 161 4415 'J
172 4408 175 4414 Ι
250 4328 334 4387 Diod.
357 4329 422 4400 XX,
445 4327 500 4403 45)
523 4328 558 4387 de
580 4330 629 4398 eis,
651 4345 724 4401 quae
752 4327 927 4402 Monychiae
957 4326 1132 4385 obsidionem
1160 4327 1388 4393 antecesserunt,

220 4437 224 4444 “
250 4429 434 4503 neglegenter
454 4436 583 4504 egerunt,
606 4436 637 4488 ιιι
658 4427 742 4489 facile
771 4431 921 4502 utriusque
942 4427 1089 4485 relationis
1112 4424 1320 4497 discrepantias
1342 4439 1389 4481 re-
