3250 5109
827 397 864 451 25

803 479 832 484 ..-
847 476 912 485 .-—-

269 597 378 667 optime
408 598 514 653 monet.
574 595 642 665 lpsa
672 595 732 652 eins
770 593 859 652 rerba
889 594 962 664 (not.
994 594 1046 663 76)
1078 593 1254 652 adscribam:
1292 587 1412 660 „Senon

270 687 383 759 nither
403 687 458 750 leat
478 685 659 750 Pausanias
689 691 723 765 (Ι,
748 691 778 765 9)
801 686 985 750 Aeheals'ches
1012 711 1110 772 peqen
1132 685 1342 779 Hieronymus
1361 712 1412 775 ye-

271 801 350 874 saqt.
393 787 462 850 Der
476 785 614 871 fromme
635 785 818 850 Pausanias
835 785 944 871 plaudi
966 809 1008 848 an
1031 787 1081 850 oie
1102 788 1328 851 waerederharen
1347 787 1412 852 Fu-

212 956 216 965 .
268 911 394 974 qunqen
415 887 468 950 des
486 885 867 966 archiscrutinarius
887 885 937 948 die
958 885 1153 951 Monumentc
1174 910 1233 951 con
1245 889 1348 974 Arpos

268 987 342 1051 sa'nd
361 986 425 1062 ihu
446 987 642 1074 oollqa'iln'qer
662 985 783 1050 Bewer's
808 1008 903 1070 qeqen
932 984 1156 1070 Hieronymus.
1183 1024 1218 1034 -
1240 987 1327 1051 Aber
1348 1013 1414 1053 was

268 1087 350 1151 hatte
383 1089 466 1155 denn
495 1086 706 1174 Hieronymus
738 1085 816 1149 dher
843 1084 989 1170 Pyrrhus
1022 1087 1089 1148 Tod
1118 1088 1251 1173 qesaqt?
1302 1085 1415 1151 Strabo

268 1193 413 1267 (vn1,·p.
438 1192 510 1266 376)
530 1188 598 1274 qiu
619 1212 680 1251 on.-
719 1186 799 1250 »Dte
828 1189 962 1271 Arqer'er
992 1187 1122 1250 nahmen
1156 1187 1301 1275 Pyrrhus
1333 1189 1416 1252 nicht

269 1287 337 1373 auf,
359 1289 493 1352 saudan
514 1289 650 1352 verder
670 1289 785 1379 Mauer
806 1287 866 1372 fiel
887 1310 929 1367 er,
953 1289 1009 1349 narie
1031 1312 1104 1350 mun
1135 1301 1219 1374 sapt,
1253 1311 1313 1352 uon
1346 1287 1415 1352 dem

267 1387 445 1473 Strenuurf
462 1392 543 1453 eines
565 1389 647 1452 alten
676 1370 822 1453 Weidner
858 1387 1041 1474 Allerdr'nqs
1065 1412 1141 1451 »aus
1163 1387 1333 1453 Biiclrsc'cht
1355 1387 1421 1473 auf

236 1530 246 1549 .
269 1489 459 1575 Antiqonoe«
483 1489 595 1553 leonnte
616 1491 650 1552 a’n
671 1490 771 1552 dieser
783 1488 850 1551 Art
863 1487 1075 1575 Hieronymus
1096 1512 1135 1551 are
1156 1488 1303 1574 sprechen
1317 1488 1413 1552 schei-

268 1612 347 1670 nen;
379 1588 447 1653 dem
476 1590 645 1675 qldubr'qen
676 1586 824 1652 Cicerone
849 1587 946 1674 qehen
978 1587 1078 1651 demit
1105 1586 1166 1650 olle
1196 1587 1329 1652 schdnen
1357 1574 1416 1652 Be·

267 1689 438 1774 ze‘ehunqeu
466 1689 523 1752 der
542 1688 705 1774 srommen
727 1688 924 1752 Monumente
952 1687 1207 1751 stedelandus
1253 1694 1315 1752 Iam
1337 1711 1415 1763 vere,

269 1796 420 1866 scriptoris
440 1781 500 1854 tam
522 1795 631 1854 creduli
660 1800 690 1853 et
716 1799 776 1851 tam
805 1794 908 1852 leviter
937 1811 1053 1853 suarum
1082 1793 1246 1852 fabularum
1275 1809 1345 1864 prae
1374 1796 1417 1853 rei

270 1894 453 1965 simplicitate
476 1894 572 1966 cupidi
595 1895 695 1965 quanti
715 1895 855 1951 momenti
883 1899 1063 1965 potestesse
1092 1894 1228 1953 iudicium
1257 1895 1417 1954 narrationi

270 1991 470 2050 subiunctumi
514 1993 609 2065 Atque
639 1993 715 2050 idem
744 1995 841 2065 priore
862 1994 941 2068 loco,
973 2012 1035 2053 cum
1065 1994 1143 2053 dicat
1171 2012 1238 2054 vera
1268 2011 1330 2053 esse
1359 2011 1414 2053 non

269 2107 370 2164 posse,
401 2109 473 2164 quae
501 2092 691 2165 Hieronymus
727 2094 763 2151 de
795 2093 905 2151 ossibus
934 2101 1111 2153 mortuorum
1139 2112 1158 2152 a
1186 2095 1357 2167 Lysimacho
1387 2096 1417 2152 in

268 2174 361 2263 Epiro
385 2191 530 2265 dissipatis
552 2193 722 2264 tradiderit·
737 2194 912 2266 argumentis
927 2193 1021 2252 allatis
1033 2225 1070 2236 -—
1087 2195 1156 2252 dicit
1178 2196 1255 2253 enim
1275 2192 1339 2253 fieri
1360 2210 1416 2252 non

269 2295 409 2365 potuisse,
431 2298 464 2350 ut
485 2294 675 2366 Lysimachus
698 2295 884 2366 Epirotarum
911 2309 1012 2365 regum
1033 2295 1165 2366 sepulcra
1186 2300 1329 2367 vastaret,
1357 2294 1417 2365 pri·

269 2410 356 2462 mum,
378 2394 455 2464 quod
477 2393 525 2450 ille
548 2394 590 2450 vir
612 2393 744 2462 Macedo,
766 2409 849 2465 reges
871 2391 974 2464 sepulti
997 2397 1171 2450 autemnon
1194 2394 1287 2452 solum
1301 2394 1416 2466 Pyrrhi,

267 2491 318 2550 sed
341 2493 431 2551 etiam
452 2490 611 2550 Alexandri
632 2494 756 2550 maiores
777 2490 906 2560 luissent,
927 2496 1094 2564 praeterea,
1125 2493 1201 2564 qnod
1229 2493 1416 2566 Lysimachus

270 2593 355 2664 paulo
377 2596 444 2664 post
466 2608 531 2650 cum
554 2591 666 2664 Pyrrho
689 2593 855 2650 societatem
876 2591 988 2649 lecisset
1001 2619 1040 2629 —
1053 2609 1230 2665 nequaquam
1251 2594 1331 2653 nobis
1353 2612 1418 2667 per-

272 2691 404 2750 suadebit
416 2693 455 2762 Ι),
491 2693 515 2750 si
547 2691 775 2760 consideramus,
813 2707 888 2764 quae
918 2695 1065 2765 tempora,
1103 2692 1205 2765 quibus
1232 2695 1419 2766 Lysimachus

269 2793 411 2864 regnavit,
434 2794 482 2864 qui
503 2809 614 2863 mores,
646 2797 714 2864 quot
742 2792 937 2864 proditiones,
969 2798 1077 2865 quanta
1105 2799 1227 2851 naturae
1255 2796 1417 2853 immanitas

185 2904 188 2913 ¹
270 2898 334 2948 tum
355 2891 469 2950 fuerint.
512 2892 614 2964 Itaque
635 2893 690 2949 viri
712 2892 790 2949 docti
813 2892 913 2949 etalii
935 2899 962 2950 et
979 2893 1200 2951 Brueckner
1222 2889 1266 2964 (p,
1282 2894 1338 2949 26]
1359 2895 1417 2964 sq.)

272 2991 431 3072 Pausaniae
452 2993 567 3068 iudicio,
591 2996 729 3065 quatenus
750 2991 836 3048 rebus
858 2993 946 3063 gestis
967 2994 996 3049 in
1018 2993 1141 3050 medium
1163 2992 1285 3064 prolatis
1306 2994 1417 3062 nititur,

271 3093 387 3150 nimium
409 3092 544 3151 tribuisse
566 3091 636 3150 mihi
657 3092 796 3150 videntur.

355 3193 438 3264 Quod
453 3199 550 3252 autem
572 3193 626 3251 hoc
649 3191 714 3252 loco
731 3191 768 3262 (l,
787 3194 813 3261 9,
832 3191 865 3260 8)
878 3189 975 3248 addit:
1001 3183 1018 3247 ὁ
1042 3186 1078 3247 δὲ
1105 3178 1290 3266 Ἱερώνυμος
1317 3176 1418 3259 οὗτος

270 3289 342 3364 ἔχει
362 3289 423 3367 μὲν
443 3289 500 3350 καὶ
524 3281 630 3358 ἄλλως
654 3281 760 3366 δόξαν
781 3275 865 3364 πρὸς
889 3281 1084 3360 ἀπέχθειαν
1105 3279 1243 3372 γράψαι
1266 3289 1331 3349 τῶν
1351 3287 1418 3367 βα-

272 3389 395 3460 σιλέων,
425 3376 504 3463 πλήν
528 3379 734 3465 Ἀντιγόνου,
766 3378 875 3466 τούτῳ
900 3385 937 3449 δὲ
962 3383 1003 3449 on
1025 3386 1166 3456 δικαίως
1193 3387 1417 3467 χαρίζεσθαι,

271 3494 341 3562 nihil
361 3491 477 3566 probat,
500 3493 555 3550 nisi
576 3493 632 3550 iam
653 3492 730 3549 inter
750 3493 882 3564 antiquos
905 3491 1008 3562 fuisse,
1039 3494 1087 3565 qui
1107 3492 1230 3564 iniquius
1253 3493 1288 3550 de
1311 3492 1416 3552 Hiero·

270 3609 355 3664 aymo
376 3592 519 3652 iudicaret
540 3593 584 3651 vel
606 3593 776 3650 indicarent.
822 3591 902 3660 Quae
932 3608 978 3648 res
1007 3608 1060 3648 nec
1088 3593 1161 3648 mira
1191 3598 1235 3648 est
1267 3607 1320 3649 nea
1348 3595 1417 3652 satis

276 3723 414 3730 -...--.--.
420 3725 473 3730 ω,-

270 3786 459 3855 Hieronymum
477 3785 613 3838 Strabonis
632 3789 768 3839 auctorem
786 3789 902 3838 statuere
920 3784 1004 3846 dicat,
1030 3784 1085 3851 ipsc
1110 3784 1266 3838 Pausaniam
1285 3785 1316 3853 (1,
1337 3783 1378 3848 13,
1392 3784 1417 3851 7)

271 3872 417 3951 delerrhi
434 3876 519 3925 morte
536 3886 618 3938 usque
644 3872 677 3925 ad
704 3872 783 3926 verba
800 3867 907 3942 Ἀργεῖοι
927 3870 955 3922 δὲ
974 3888 1031 3938 sqq.
1061 3885 1093 3922 ex
1115 3870 1273 3939 Hieronymo
1300 3870 1418 3924 hausisse

269 3959 412 4014 contendit.
450 3956 583 4023 Quaeres
601 3959 624 4012 si
641 3959 678 4012 ita
697 3973 724 4012 se
744 3958 836 4020 habet,
862 3964 950 4011 tamen
968 3957 1134 4024 Droyseni
1153 3956 1185 4009 de
1201 3956 1330 4010 Pausania
1348 3955 1418 4008 iudi-

270 4046 340 4098 cium
357 4050 453 4109 manet,
472 4060 530 4096 cum
548 4044 626 4096 etiam
644 4043 714 4111 apud
742 4044 811 4098 hunc
839 4044 994 4111 scriptorem
1011 4043 1129 4112 Pyrrhus
1148 4058 1164 4096 a
1183 4043 1288 4097 muliere
1305 4042 1419 4108 quadam

269 4129 361 4198 tegula
380 4131 481 4184 deiecta
499 4130 600 4183 occisus
618 4144 674 4184 esse
692 4131 823 4186 tradatur.
923 4154 929 4168 ·

344 4216 362 4284 ι)
392 4217 459 4270 Item
486 4218 717 4270 Westermann
756 4219 793 4287 (in
828 4217 951 4286 Paulyi
980 4216 1228 4287 Realencyclopitdie
1255 4217 1309 4283 IV,
1339 4215 1416 4284 1307,

272 4308 328 4357 not.
345 4303 372 4370 6)
391 4310 416 4358 et
434 4303 626 4358 Brueckner
645 4310 680 4372 (p.
699 4304 760 4373 261)
771 4305 922 4373 Hieronymi
939 4304 1088 4374 auctoritati
1100 4304 1159 4372 plus
1178 4319 1257 4372 quam
1275 4303 1419 4357 Pausaniae

271 4390 440 4445 tribuendum
460 4405 516 4446 esse
535 4395 700 4444 censuerunt.
