3250 5109
702 434 831 488 .42

323 631 479 688 Praeterea
499 629 575 701 quod
596 630 740 703 plurimae
762 631 996 690 narratiunculae
1018 632 1093 690 aliae
1113 625 1314 704 inveniuntur,
1347 651 1384 693 ne

239 732 363 805 antiquis
385 730 498 803 quidem
521 729 698 802 temporibus
721 729 874 809 doluerunt
902 737 1039 805 excerpta
1058 736 1088 791 et
1108 732 1247 807 thesauri,
1269 733 1299 789 in
1321 734 1384 806 qui-

237 830 291 890 bus
313 835 397 889 erant
418 828 539 888 collecta
565 827 643 888 dicta
666 831 866 888 memorabilia
887 839 917 890 et
937 829 1062 890 facetiae
1083 833 1228 892 hominum
1250 840 1384 892 notorum

145 950 147 955 ·
238 933 336 990 variae
357 929 531 990 condicionis
545 928 583 1002 ι);
607 929 776 995 cuiusmodi,
795 932 824 989 si
846 928 1009 1005 fragmenta
1030 938 1158 1005 spectas,
1193 923 1385 1006 α’πομνημο-
1440 958 1442 963 ·

238 1018 386 1104 recipere
407 1028 584 1089 Dioscuridis
615 1029 736 1098 [Athen.
759 1032 811 1102 XI,
834 1049 862 1105 p.
887 1035 946 1090 507
959 1031 1005 1104 d),
1038 1031 1146 1103 Lyncei
1169 1025 1307 1102 Samii²l
1331 1028 1384 1107 (id.

240 1132 287 1202 Vl,
311 1149 338 1203 p.
362 1131 453 1187 2411
474 1133 503 1188 et
524 1125 663 1203 saepius),
687 1130 862 1188 Aristodemi
884 1124 936 1207 (id.
957 1130 1007 1197 ib,
1028 1148 1057 1204 p.
1075 1129 1160 1188 244f
1179 1136 1209 1190 et
1229 1147 1315 1204 saepe
1336 1131 1386 1202 al.)

238 1229 363 1290 fuerunt.
406 1231 501 1302 Atque
523 1247 558 1288 ex
579 1230 632 1288 tali
665 1228 741 1287 libro
769 1233 862 1302 petita
883 1246 944 1290 esse
966 1232 1083 1302 opinor:
1116 1233 1181 1288 οδ
1218 1222 1263 1296 ὠς
1286 1226 1325 1287 δὲ
1346 1262 1387 1269 -

240 1319 389 1408 πράξεις,
422 1349 446 1389 c.
472 1332 509 1386 12
547 1317 723 1404 ἐπεσήμηνε
743 1358 782 1371 -
806 1326 985 1407 κωμῳδία,
1016 1348 1041 1389 c.
1067 1334 1104 1387 14
1124 1320 1249 1401 ταύτην
1270 1361 1310 1371 -
1333 1321 1388 1387 εύ-

154 1500 156 1504 p
240 1419 514 1509 θορμημονήσας,
538 1447 562 1488 ο.
588 1433 626 1487 19
655 1416 755 1488 πάλιν
767 1461 805 1471 —-
819 1416 987 1503 ἀπήντηκε,
1010 1448 1034 1488 c.
1057 1433 1096 1488 26
1120 1418 1206 1487 ἄλλα
1226 1425 1389 1507 Στρατο-

239 1528 357 1596 κλέους
380 1549 439 1604 sqq.
452 1531 486 1604 ⁸),
509 1547 533 1589 c.
556 1534 595 1589 34
620 1526 761 1605 λέγεταί
780 1548 877 1588 τι-
901 1519 1144 1603 διανεμόμενον,
1168 1546 1192 1587 c.
1215 1533 1253 1588 35
1278 1518 1333 1587 διὸ
1348 1559 1388 1569 --

241 1626 365 1702 δοκεῖς,
388 1632 511 1704 denique
533 1632 774 1700 narratiunculas,
810 1647 884 1703 quae
905 1632 935 1688 in
957 1648 981 1689 c.
1004 1633 1054 1702 23,
1078 1633 1126 1697 28,
1149 1634 1199 1698 tc,
1222 1633 1260 1687 46
1284 1646 1391 1689 exeun·

239 1730 317 1790 tibus
339 1712 544 1789 inueniuntur.⁸

332 1833 457 1891 Restant
478 1832 624 1900 nonnulla,
647 1833 683 1890 de
705 1847 826 1904 quorum
847 1830 927 1889 fonte
948 1849 984 1890 ne
1006 1832 1160 1892 divinando
1180 1833 1294 1906 quidem
1315 1850 1393 1892 asse*

240 1935 288 2005 qui
312 1933 464 2004 quidquam
486 1933 583 2002 potui:
617 1935 684 1990 ο.2
722 1930 809 1989 ἔνιοι
833 1963 869 1975 -
893 1930 1116 2005 νομισθῆναι,
1144 1952 1168 1992 c.
1192 1935 1231 1992 53
1264 1930 1395 2008 λέγεται
1471 1953 1473 1956 ·

148 2111 150 2115 Ι
244 2028 281 2090 δὲ
305 2064 343 2074 -
365 2029 545 2106 γενέσθαι,
576 2050 601 2090 c.
626 2035 643 2090 7
666 2025 891 2105 Πτολεμαίου
911 2030 1023 2106 μέντοι
1043 2051 1114 2106 sqq,
1145 2051 1171 2092 c.
1193 2038 1231 2092 46
1253 2021 1395 2110 Κρατη-
1472 2042 1474 2047 ·

242 2148 300 2197 τος
325 2127 422 2189 ds-
447 2119 616 2202 νοήσας),
647 2150 670 2190 ο
694 2134 734 2190 20
757 2127 966 2205 Λοοίμαχος
989 2129 1048 2205 μὲν
1068 2149 1140 2243 sqq,
1160 2134 1198 2192 ib
1219 2134 1305 2205 paulo
1327 2141 1396 2192 ante

240 2223 470 2309 Ἀέροπος-
507 2219 791 2307 παραθήγοντες,
826 2250 850 2290 c
876 2235 913 2290 19
948 2230 981 2290 οι
1010 2229 1069 2306 μὲν
1096 2250 1163 2309 γαρ
1194 2250 1272 2306 sqq,
1305 2249 1329 2289 c
1352 2234 1391 2287 22

240 2317 323 2390 ἑπτα
344 2350 473 2411 ycrp-
495 2318 769 2412 γραφόμενα,
725 2338 753 2390 et
804 2350 876 2405 quae
898 2335 984 2404 paulo
1007 2340 1074 2393 ante
1097 2335 1133 2392 de
1154 2333 1280 2405 Philippi
1300 2331 1394 2389 tabel-

242 2435 321 2492 lariis
342 2433 378 2493 ab
401 2433 624 2491 Atheniensibus
645 2437 714 2506 capt
715 2435 739 2492 is
701 2434 906 2492 tdicuntur

318 2627 337 2692 1)
356 2624 390 2679 cf.
410 2626 638 2680 Westenmann
665 2628 691 2680 in
716 2627 807 2695 Paulyi
838 2604 1127 2696 ,‚Realencyelopiidie“
1154 2624 1268 2690 1,1327.
1305 2625 1394 2679 Etiam

244 2713 278 2766 Η.
296 2713 435 2781 Nissen,
452 2713 583 2766 Krithote
607 2714 833 2782 Uetersuclcunqen
851 2716 914 2764 uber
939 2715 980 2764 die
1000 2713 1104 2775 Ocellare
1122 2713 1167 2763 der
1185 2700 1211 2766 A.
1229 2711 1284 2763 aad
1302 2715 1327 2762 5.
1345 2713 1394 2764 De·

244 2801 311 2852 tude
328 2801 370 2850 des
386 2802 486 2868 Liuius,
506 2799 595 2854 Berol.
616 2799 690 2869 1863,
709 2817 735 2868 p.
754 2801 804 2853 281
818 2807 844 2854 et
856 2798 916 2863 290,
935 2797 1104 2852 Plutarchum
1121 2799 1149 2852 in
1166 2800 1228 2854 ritis
1246 2798 1395 2854 describen-

244 2885 284 2940 dis
302 2902 352 2939 non
371 2886 450 2940 semel
468 2886 558 2953 libros,
578 2887 672 2953 quiex
691 2886 767 2940 dictis
785 2886 915 2952 tactisque
938 2885 1152 2940 memorabilibus
1168 2893 1326 2956 constarent,
1344 2887 1393 2940 ad-

242 2973 359 3027 hibuisse
377 2972 499 3027 affirmat

312 3059 333 3126 ²)
352 3059 515 3114 Memoratur
534 3077 557 3114 c:
576 3059 609 3115 27
628 3061 684 3114 eius
703 3059 846 3127 descriptio
864 3073 942 3112 cenae
960 3074 976 3111 a
993 3058 1087 3113 Lamia
1104 3066 1221 3128 paratae,
1240 3076 1318 3128 quam
1335 3068 1393 3116 tra-

244 3146 345 3200 diderat
373 3148 399 3200 in
424 3149 583 3211 ἐπιοτολαῖς
610 3146 790 3215 δειπνητικῶς
818 3144 925 3212 (Athen.
944 3144 991 3207 IV,
1010 3162 1036 3212 p.
1056 3147 1107 3199 128
1123 3162 1140 3199 u
1157 3153 1183 3200 et
1201 3147 1237 3215 b).
1273 3148 1395 3201 Ceterum

239 3248 292 3286 non
310 3232 377 3286 mule
395 3234 541 3302 Droysen
558 3234 592 3304 (Ι,
611 3233 724 3301 683);,
727 3231 826 3301 ,diirfte
843 3251 910 3282 man
928 3233 1100 3293 aunebmenf‘
1118 3234 1232 3302 inquit,
1235 3236 1306 3302 ,dass
1324 3236 1394 3286 auch

238 3330 308 3372 solist
298 3320 451 3372 tPlutarclt
470 3322 513 3372 des
531 3321 652 3388 Lyuheus
669 3319 799 3382 Schriften
818 3321 917 3371 beuutst
949 3319 1004 3382 hat,
1030 3338 1058 3370 sc
1077 3322 1182 3373 rcdrden
1200 3321 1288 3371 descen
1314 3313 1395 3370 αἀο·

242 3407 443 3478 φθέγματα,
463 3394 806 3480 απομνημονεῦματα
824 3425 849 3457 u.
868 3423 890 3455 s
911 3428 940 3459 w.
959 3407 1012 3456 tim
1031 3410 1105 3458 einen
1122 3407 1326 3458 reicbcmSchatc
1344 3424 1393 3457 con

239 3493 389 3545 Acetdctcn
407 3511 442 3545 ον
461 3495 594 3545 dieHand
610 3493 718 3562 peqehen
735 3493 845 3546 badenf‘
875 3494 1039 3560 Quamquam
1057 3493 1178 3561 Lynceus
1194 3499 1300 3560 praeter
1317 3507 1340 3545 c.
1349 3490 1392 3556 27,

241 3578 310 3632 ubi
302 3594 387 3648 ipsum
406 3596 423 3634 a
440 3580 586 3634 Plutarcho
612 3579 757 3634 adhibitum
777 3595 834 3634 esse
856 3595 948 3647 pamm
968 3578 1161 3633 verisimilet
1121 3585 1161 3631 est
1169 3593 1323 3647 ,nusquam
1340 3594 1394 3632 me-

239 3671 365 3720 moratur.

310 3752 330 3819 ³)
350 3751 414 3806 Cum
432 3751 535 3806 Gnate
563 3751 620 3821 (VI,
639 3752 707 3822 728,
725 3760 780 3808 not.
799 3755 850 3808 122
867 3769 934 3806 vers.
953 3751 1046 3819 germ.)
1076 3758 1121 3804 aut
1138 3767 1155 3804 a
1173 3751 1325 3820 Philippide
1349 3757 1394 3804 aut

240 3838 273 3891 ab
291 3838 344 3891 alio
361 3837 447 3893 faceto
466 3838 571 3893 homine
589 3854 645 3892 rem
663 3856 686 3892 c.
707 3837 742 3893 26
766 3842 909 3895 memoriae
936 3838 1069 3907 proditam
1086 3839 1113 3892 in
1130 3841 1205 3907 peius
1223 3826 1319 3907 pictam
1335 3851 1394 3890 esse

241 3926 388 3989 coniecerit,
407 3924 477 3979 idem
498 3925 530 3980 de
550 3926 676 3993 prodigiis
704 3927 859 3993 quibusdam
886 3944 909 3980 c.
929 3925 962 3979 12
990 3926 1141 3980 memoratis
1167 3923 1297 3993 suspicari
1322 3921 1392 3989 licet,
1449 3952 1457 3961 ·

241 4018 321 4080 atque
339 4012 427 4067 nescio
447 4027 481 4065 un
498 4027 542 4066 res
560 4019 674 4080 utroque
702 4013 759 4067 loco
786 4012 990 4082 supralaudato
1008 4018 1131 4067 narratae
1149 4028 1181 4066 ex
1198 4008 1395 4076 insequentibus

240 4100 358 4155 versibus
376 4105 447 4154 ortae
466 4099 527 4152 sint.

310 4187 331 4254 4)
350 4188 420 4242 Mira
438 4190 491 4242 ista
510 4189 628 4242 narratio
647 4195 695 4242 est.
716 4187 809 4255 Neque
828 4188 896 4242 enim
909 4188 1030 4256 Cratetis
1050 4199 1205 4256 quamquam
1224 4181 1282 4237 fieri
1298 4189 1393 4251 potest,

243 4280 274 4328 ut
291 4290 308 4328 a
327 4275 425 4328 civibus
443 4273 592 4343 periculum
612 4273 798 4342 deprecaturus
810 4275 905 4329 missus
922 4276 964 4343 sit,
983 4274 1053 4328 dicto
1070 4276 1234 4339 commotum,
1253 4269 1307 4338 sed,
1324 4269 1392 4337 quod

240 4361 359 4430 Pyrrhus
376 4360 582 4416 Atheniensibus
609 4362 707 4415 auxilio
734 4370 850 4431 venerat,
876 4362 1040 4416 Demetrium
1058 4361 1178 4415 Athenas
1204 4356 1322 4414 obsidere
1349 4355 1394 4409 de·

241 4446 316 4502 siisse
334 4449 502 4516 cognoscitur
519 4463 552 4502 ex
570 4447 665 4516 Pyrrh.
685 4464 708 4501 c.
728 4450 761 4503 12
781 4448 827 4518 (cl.
846 4449 1001 4519 Droysen
1019 4450 1040 4518 1,
1060 4447 1130 4515 612).
