3250 5109
731 473 879 559 ‚ri-

236 671 349 747 opinati
370 674 450 745 sunt3
475 687 560 746 quam
583 670 753 729 sententiam
774 686 838 728 cunr
859 669 1088 741 comprobemus,
1123 669 1268 728 commode
1290 685 1378 742 quae-

238 775 316 844 dam,
339 771 439 844 quibus
463 788 496 829 ea
517 770 656 835 firmetur,
678 769 838 828 afferemus,
861 769 989 827 Primum
1005 770 1088 841 enim,
1114 766 1189 840 quod
1199 767 1284 826 Diod.
1297 769 1376 839 XIX,
1395 839 1397 844 Ι

240 875 299 932 100
327 872 422 931 verbis
452 867 502 929 ἐπὶ
524 867 582 944 μὲν
606 860 728 940 ταύτης
761 869 872 943 (agitur
894 869 930 926 de
950 869 1077 940 pecuniis
1101 887 1137 928 ex
1158 868 1296 927 bitumine
1318 872 1377 928 exi-

237 965 485 1055 1111111)ὲ’ταξ1ν
505 960 689 1047 Ἱερώνυμον
710 959 767 1028 τὸν
788 958 851 1036 ταῖς
874 966 1027 1045 ἱστορίας
1050 958 1297 1053 συγγράψαντα
1314 987 1378 1029 eum

238 1075 332 1130 virum
354 1089 438 1131 omne
460 1073 586 1131 bitumen
607 1090 623 1132 e
644 1073 709 1130 lacu
730 1087 887 1144 congerere
916 1073 1025 1129 iussum
1055 1087 1117 1129 esse
1149 1072 1278 1143 scripsit,
1312 1071 1379 1130 iude

238 1173 352 1247 opinari
373 1173 441 1230 licet
462 1173 682 1244 Hieronymum,
714 1188 883 1244 quamquam
916 1189 963 1230 111
986 1173 1013 1230 11
1034 1171 1171 1230 mandata
1192 1188 1295 1245 parum
1316 1188 1379 1230 suc·

238 1267 334 1339 cessit,
357 1274 459 1347 omnia,
493 1289 564 1343 quae
586 1273 747 1329 1111111111
768 1277 878 1339 111111,
910 1277 960 1330 111
989 1271 1077 1330 oculis
1108 1272 1167 1329 suis
1198 1273 1379 1331 collustrasse

239 1379 289 1432 aut
310 1373 347 1457 ab
369 1373 470 1431 incolis
492 1378 691 1445 percontatum
714 1388 782 1431 esse.
835 1371 934 1445 Neque
956 1371 1064 1444 dubito,
1086 1373 1163 1444 quin,
1186 1388 1259 1444 quae
1280 1377 1310 1430 et
1330 1372 1379 1429 illo

238 1474 302 1532 loco
312 1472 443 1541 Diodori,
467 1473 594 1545 quamvis
616 1488 672 1529 non
695 1477 727 1529 nt
749 1474 874 1531 auctoris
894 1473 982 1543 ipsius
993 1473 1176 1543 narrationis,
1199 1473 1258 1531 eius
1273 1474 1379 1531 mentio

239 1574 281 1640 fit,
315 1579 345 1632 et
379 1573 504 1631 eiusdem
537 1572 603 1630 libri
625 1589 648 1629 1.
672 1575 711 1630 98
743 1575 834 1631 1199
866 1574 1009 1631 invenitur
1041 1573 1156 1645 copiosa
1187 1577 1380 1643 accuratoque

240 1675 319 1732 lacus
341 1673 522 1744 Asphaltitae
544 1672 709 1747 descriptio,
731 1672 786 1744 ipsi
800 1664 976 1744 Hieronymo
998 1673 1182 1732 attribuenda
1203 1674 1242 1730 sit
1258 1670 1289 1747 ¹).
1324 1672 1385 1731 Nec

239 1775 334 1831 minus
355 1773 476 1830 11111111
499 1773 695 1830 narrationem
715 1770 890 1830 uberrimam
912 1769 1004 1843 (XIX,
1028 1769 1097 1846 94),
1121 1775 1150 1830 in
1171 1789 1228 1845 qua
1249 1774 1285 1831 de
1307 1772 1381 1831 Ara-

240 1874 308 1930 bum
329 1870 458 1928 moribus
484 1872 618 1943 victuque
650 1871 759 1944 agitur,
792 1876 822 1929 11
852 1873 944 1944 ipsam
966 1888 1001 1929 ex
1032 1871 1107 1930 libro
1137 1873 1289 1930 oriundam
1321 1888 1385 1930 esse

241 1974 365 2042 oportet,
388 1986 473 2042 quem
495 1971 543 2041 qui
565 1970 688 2043 scripsit,
711 1972 779 2029 istas
800 1987 848 2028 res
869 1971 942 2028 bene
963 1976 1097 2042 noverat,
1129 1987 1199 2044 quas
1219 1971 1295 2030 haud
1317 1988 1383 2044 gra-

241 2074 307 2126 vate
327 2068 488 2140 putabimus
509 2085 574 2127 eum
595 2072 770 2143 comperisse
792 2071 985 2144 expeditionis
1006 2072 1145 2130 Demetrii
1167 2073 1195 2129 in
1220 2071 1385 2131 Nabataeos

239 2168 335 2227 iactae
358 2172 474 2228 socium.
519 2170 614 2242 Quare
647 2171 732 2228 etiam
764 2171 795 2227 11
816 2173 860 2230 his
890 2170 1066 2245 exponendis
1088 2154 1247 2231 Diodorum
1269 2170 1386 2230 Cardia-

242 2287 308 2328 num
330 2270 410 2328 illum
431 2276 576 2329 auctorem
598 2277 726 2330 secutum
747 2287 808 2330 esse
831 2271 993 2343 suspiceris.
1017 2270 1099 2329 Adde
1121 2272 1197 2342 quod
1208 2271 1293 2330 Diod.
1305 2271 1385 2344 XIX,

241 2374 279 2428 82
302 2371 443 2428 Demetrii
464 2371 689 2444 aciei'singulae
710 2387 756 2430 res
778 2372 988 2440 describuntur,
1011 2371 1169 2430 Ptolemaei
1191 2369 1228 2444 (c.
1249 2368 1301 2443 83)
1323 2373 1387 2428 uni·

243 2486 327 2528 verse
348 2475 461 2528 tantum
484 2473 590 2529 mentio
612 2470 645 2529 fit
659 2475 689 2529 11
708 2472 759 2538 ita,
781 2476 823 2541 ut,
845 2476 971 2544 quantae
986 2473 1130 2529 exercitus
1150 2475 1247 2542 partes
1269 2470 1387 2542 fuerint,

241 2587 299 2627 non
320 2576 519 2642 cognoscatur.
565 2571 722 2641 Quaeres,
745 2569 868 2630 Diodori
900 2571 1009 2630 iontem
1039 2570 1126 2629 talem
1158 2576 1190 2629 ut
1218 2576 1386 2640 1111111111,

241 2671 328 2743 cogit,
352 2672 399 2742 qui
411 2672 592 2746 accuratim,
615 2688 687 2744 quae
707 2670 745 2729 ad
756 2671 932 2745 Antigonum
954 2673 1072 2744 eiusque
1093 2673 1279 2744 propinquos,
1302 2687 1387 2742 quam

240 2787 313 2842 quae
334 2771 372 2828 ad
395 2772 466 2829 alios
487 2787 571 2844 reges
593 2772 796 2847 pertinebant,
830 2774 1007 2845 respexerit;
1042 2773 1091 2844 qui
1112 2773 1262 2844 quominus
1283 2772 1387 2829 Hiero·

241 2888 342 2943 uymus
352 2865 380 2940 ²)
402 2868 498 2944 fuerit,
519 2871 591 2928 nihil
614 2871 720 2930 obstat.
770 2873 850 2930 Idem
880 2873 914 2931 de
943 2870 1029 2930 Diod.
1055 2872 1119 2937 XX,
1144 2871 1183 2927 50
1204 2869 1387 2928 iudicandum

242 2978 296 3042 est,
319 2970 368 3029 ubi
390 2971 425 3028 de
441 2972 584 3029 Demetrii
604 2973 666 3030 acie
689 2972 725 3030 ad
745 2973 889 3045 proelium
909 2973 1011 3029 navale
1033 2973 1174 3028 instructa
1195 2970 1327 3043 plurimu,
1351 2969 1386 3028 de

241 3071 398 3129 Ptolemaei
419 3072 589 3143 paucissima
610 3069 699 3128 verba
720 3070 801 3129 fiunt.
855 3070 974 3128 Accedit
1003 3070 1078 3141 qnod
1105 3087 1171 3128 cum
1198 3071 1387 3144 pugnantium

243 3172 378 3245 omnium,
415 3176 476 3228 tum
505 3171 646 3229 Demetrii
677 3173 765 3244 ipsius
796 3168 934 3228 fortitudo
967 3185 1073 3228 summo
1105 3169 1198 3227 studio
1234 3171 1387 3242 exponitur

242 3276 329 3342 atque
351 3271 410 3339 ita,
433 3276 465 3328 ut
485 3268 547 3328 fere
568 3287 628 3328 rem
649 3272 739 3343 ipsam
762 3270 825 3343 geri
847 3269 952 3327 videas
995 3267 1125 3342 Denique
1147 3269 1233 3328 Diod.
1248 3270 1329 3340 XIX,
1346 3273 1384 3328 81

243 3370 384 3428 Demetrii
406 3371 492 3429 animi
513 3372 632 3429 virtutes
654 3376 683 3428 et
704 3372 799 3444 gratia
820 3371 968 3442 popularis
989 3386 1047 3428 non
1068 3371 1129 3428 sine
1152 3384 1255 3443 magno
1288 3368 1383 3427 studio

244 3484 404 3541 magnaque
424 3470 612 3531 admiratione
634 3460 845 3543 depinguntur;
877 3471 953 3543 quod
975 3487 1038 3528 cum
1059 3487 1077 3528 a
1099 3469 1225 3541 quolibet
1245 3472 1385 3541 scriptore
1410 3546 1412 3550 Ι

244 3568 307 3626 lieri
328 3570 453 3640 potuisse
479 3571 562 3629 facile
595 3570 767 3642 concedam,
802 3576 898 3628 tamen
929 3587 1000 3628 eam.
1014 3570 1233 3641 descriptionem
1255 3585 1290 3626 ex
1311 3569 1385 3627 libro

320 3868 341 3936 ¹)
359 3865 533 3921 confirmatur
551 3883 582 3922 cu
600 3869 727 3924 sententia
744 3869 936 3938 comparatione
953 3867 1058 3922 Diodori
1082 3860 1240 3921 narrationis
1266 3867 1387 3922 instituta

244 3971 305 4010 oum
323 3953 473 4021 fragmento
491 3954 602 4020 quodam
620 3955 785 4025 Hieronymi,
813 3955 881 4023 quod
908 3956 961 4009 iam
988 3955 1099 4023 Heyne
1123 3953 1155 4008 de
1181 3952 1297 4007 fontibus
1324 3953 1385 4008 bist.

244 4040 355 4099 Diodori
373 4055 464 4094 comm.
483 4039 511 4092 ΙΙ
530 4041 569 4108 (in
585 4040 761 4096 Diudorfii
779 4039 820 4096 ed.
839 4041 948 4096 Diodori
960 4041 982 4111 Ι,
1000 4057 1027 4109 1.
1036 4040 1187 4109 LXXVIII,
1206 4038 1386 4106 1311111111

243 4119 398 4199 Ἱερώνυμος
425 4123 566 4198 ἱστόρησεν
592 4130 618 4178 ἐν
642 4129 676 4202 τῇ
700 4129 864 4198 Ναβαταίων
886 4124 967 4200 χώρᾳ
988 4127 1043 4178 cciv
1062 4116 1179 4198 Ἀράβων
1205 4114 1270 4177 εἶναι
1293 4127 1387 4197 λίμνῃν

243 4205 349 4284 πικράν,
369 4217 396 4264 ἐν
413 4201 431 4288 ᾖ
449 4205 505 4266 οὔτ’
526 4208 615 4284 ἰχθῦς
633 4205 690 4265 οὔτ’
709 4199 889 4268 1111111111
907 4211 1020 4287 ἐνύδρων
1038 4203 1110 4282 ζῴων
1125 4215 1259 4286 γίνεσθαι,
1279 4202 1388 4280 ἀσφάλ-

245 4319 296 4353 του
310 4299 339 4352 δὲ
349 4301 482 4364 πλίνθους
497 4295 526 4368 ἐξ
536 4291 621 4371 aduris
633 4302 762 4372 αἴρεσθαι
778 4293 831 4353 ν’πὸ
842 4303 897 4354 τῶν
911 4304 1068 4373 ἐπιχωρίων.
1086 4300 1125 4355 Cf.
1139 4301 1242 4354 Reuss
1250 4315 1277 4367 1.
1287 4298 1338 4352 103
1348 4314 1387 4366 sq.

319 4388 338 4456 ²)
356 4387 436 4455 Quem
454 4388 539 4442 virum
555 4388 641 4456 ipsum
657 4402 762 4457 pugnae
779 4387 928 4444 interfuisse
946 4387 1114 4458 probabiliter
1125 4387 1234 4442 coniecit
1245 4385 1387 4441 Brueck-

245 4489 304 4528 ner
322 4476 360 4542 (1.
378 4473 449 4542 269).

1256 4567 1290 4606 «μ
