<?xml version="1.0" encoding="UTF-8"?>
<!DOCTYPE html PUBLIC "-//W3C//DTD XHTML 1.0 Transitional//EN"
    "http://www.w3.org/TR/xhtml1/DTD/xhtml1-transitional.dtd">
<html xmlns="http://www.w3.org/1999/xhtml" xml:lang="en" lang="en">
 <head>
  <title>
</title>
<meta http-equiv="Content-Type" content="text/html;charset=utf-8" />
  <meta name='ocr-system' content='tesseract 3.04.00' />
  <meta name='ocr-capabilities' content='ocr_page ocr_carea ocr_par ocr_line ocrx_word'/>
</head>
<body>
  <div class='ocr_page' id='page_1' title='image "./quibusfontibusp00moergoog_0054.png"; bbox 0 0 3250 5109; ppageno 0'>
   <div class='ocr_carea' id='block_1_1' title="bbox 286 416 1428 1292">
    <p class='ocr_par' dir='ltr' id='par_1_1' title="bbox 845 416 885 471">
     <span class='ocr_line' id='line_1_1' title="bbox 845 416 885 471; baseline -0.025 0"><span class='ocrx_word' id='word_1_1' title='bbox 845 416 885 471; x_wconf 81' lang='lat'>34</span> 
     </span>
    </p>

    <p class='ocr_par' dir='ltr' id='par_1_2' title="bbox 286 612 1428 1292">
     <span class='ocr_line' id='line_1_2' title="bbox 289 612 1425 687; baseline 0.004 -15"><span class='ocrx_word' id='word_1_2' title='bbox 289 615 473 673; x_wconf 77' lang='lat' dir='ltr'>minationem</span> <span class='ocrx_word' id='word_1_3' title='bbox 495 613 651 673; x_wconf 84' lang='lat' dir='ltr'>detestatus</span> <span class='ocrx_word' id='word_1_4' title='bbox 673 614 710 672; x_wconf 91' lang='lat' dir='ltr'>sit</span> <span class='ocrx_word' id='word_1_5' title='bbox 725 612 758 686; x_wconf 83' lang='lat'>¹),</span> <span class='ocrx_word' id='word_1_6' title='bbox 790 631 847 672; x_wconf 92' lang='lat' dir='ltr'>non</span> <span class='ocrx_word' id='word_1_7' title='bbox 876 615 981 674; x_wconf 88' lang='lat' dir='ltr'>iniuria</span> <span class='ocrx_word' id='word_1_8' title='bbox 1002 617 1127 687; x_wconf 86' lang='lat' dir='ltr'>opineris</span> <span class='ocrx_word' id='word_1_9' title='bbox 1156 633 1221 674; x_wconf 88' lang='lat' dir='ltr'>eum</span> <span class='ocrx_word' id='word_1_10' title='bbox 1250 617 1366 676; x_wconf 90' lang='lat' dir='ltr'>omnino</span> <span class='ocrx_word' id='word_1_11' title='bbox 1388 617 1425 676; x_wconf 83' lang='lat' dir='ltr'>ah</span> 
     </span>
     <span class='ocr_line' id='line_1_3' title="bbox 288 710 1428 788; baseline 0.004 -16"><span class='ocrx_word' id='word_1_12' title='bbox 288 711 473 788; x_wconf 81' lang='lat' dir='ltr'>Antigonidis</span> <span class='ocrx_word' id='word_1_13' title='bbox 497 715 675 787; x_wconf 87' lang='lat' dir='ltr'>aliquantum</span> <span class='ocrx_word' id='word_1_14' title='bbox 703 710 791 773; x_wconf 85' lang='lat' dir='ltr'>fuisse</span> <span class='ocrx_word' id='word_1_15' title='bbox 822 716 946 773; x_wconf 92' lang='lat' dir='ltr'>alienum</span> <span class='ocrx_word' id='word_1_16' title='bbox 975 731 1064 788; x_wconf 89' lang='lat' dir='ltr'>eaque</span> <span class='ocrx_word' id='word_1_17' title='bbox 1093 734 1125 775; x_wconf 89' lang='lat' dir='ltr'>re</span> <span class='ocrx_word' id='word_1_18' title='bbox 1157 716 1309 776; x_wconf 84' lang='lat' dir='ltr'>adductum</span> <span class='ocrx_word' id='word_1_19' title='bbox 1338 719 1428 777; x_wconf 86' lang='lat' dir='ltr'>tradi-</span> 
     </span>
     <span class='ocr_line' id='line_1_4' title="bbox 287 798 1428 888; baseline 0.004 -14"><span class='ocrx_word' id='word_1_20' title='bbox 287 815 381 888; x_wconf 87' lang='lat' dir='ltr'>disse,</span> <span class='ocrx_word' id='word_1_21' title='bbox 414 831 488 888; x_wconf 86' lang='lat' dir='ltr'>quue</span> <span class='ocrx_word' id='word_1_22' title='bbox 518 817 547 874; x_wconf 92' lang='lat' dir='ltr'>in</span> <span class='ocrx_word' id='word_1_23' title='bbox 577 815 731 887; x_wconf 77' lang='lat' dir='ltr'>Demetrii,</span> <span class='ocrx_word' id='word_1_24' title='bbox 765 819 936 888; x_wconf 82' lang='lat' dir='ltr'>praesertim</span> <span class='ocrx_word' id='word_1_25' title='bbox 971 833 1035 875; x_wconf 85' lang='lat' dir='ltr'>curn</span> <span class='ocrx_word' id='word_1_26' title='bbox 1067 798 1104 875; x_wconf 86' lang='lat' dir='ltr'>ad</span> <span class='ocrx_word' id='word_1_27' title='bbox 1126 816 1275 878; x_wconf 82' lang='lat' dir='ltr'>Graeciam</span> <span class='ocrx_word' id='word_1_28' title='bbox 1296 820 1326 877; x_wconf 90' lang='lat' dir='ltr'>in</span> <span class='ocrx_word' id='word_1_29' title='bbox 1347 836 1428 878; x_wconf 85' lang='lat' dir='ltr'>suam</span> 
     </span>
     <span class='ocr_line' id='line_1_5' title="bbox 288 915 1417 993; baseline 0.003 -19"><span class='ocrx_word' id='word_1_30' title='bbox 288 921 461 989; x_wconf 87' lang='lat' dir='ltr'>potestatem</span> <span class='ocrx_word' id='word_1_31' title='bbox 499 915 686 990; x_wconf 82' lang='lat' dir='ltr'>redigendam</span> <span class='ocrx_word' id='word_1_32' title='bbox 724 919 830 975; x_wconf 89' lang='lat' dir='ltr'>iterum</span> <span class='ocrx_word' id='word_1_33' title='bbox 873 919 1034 990; x_wconf 88' lang='lat' dir='ltr'>itemmque</span> <span class='ocrx_word' id='word_1_34' title='bbox 1070 919 1265 993; x_wconf 85' lang='lat' dir='ltr'>expeditiones</span> <span class='ocrx_word' id='word_1_35' title='bbox 1301 918 1417 980; x_wconf 80' lang='lat' dir='ltr'>fecisset</span> 
     </span>
     <span class='ocr_line' id='line_1_6' title="bbox 286 1015 1427 1092; baseline 0.002 -17"><span class='ocrx_word' id='word_1_36' title='bbox 286 1017 412 1077; x_wconf 89' lang='lat' dir='ltr'>moribus</span> <span class='ocrx_word' id='word_1_37' title='bbox 432 1018 524 1076; x_wconf 83' lang='lat' dir='ltr'>minue</span> <span class='ocrx_word' id='word_1_38' title='bbox 546 1017 694 1090; x_wconf 86' lang='lat' dir='ltr'>probanda</span> <span class='ocrx_word' id='word_1_39' title='bbox 715 1021 822 1077; x_wconf 87' lang='lat' dir='ltr'>essent.</span> <span class='ocrx_word' id='word_1_40' title='bbox 853 1015 1028 1078; x_wconf 85' lang='lat' dir='ltr'>Confirmant</span> <span class='ocrx_word' id='word_1_41' title='bbox 1052 1025 1148 1078; x_wconf 85' lang='lat' dir='ltr'>autern</span> <span class='ocrx_word' id='word_1_42' title='bbox 1169 1019 1244 1079; x_wconf 86' lang='lat' dir='ltr'>hanc</span> <span class='ocrx_word' id='word_1_43' title='bbox 1264 1021 1427 1092; x_wconf 86' lang='lat' dir='ltr'>opinionem</span> 
     </span>
     <span class='ocr_line' id='line_1_7' title="bbox 286 1116 1428 1196; baseline 0.005 -22"><span class='ocrx_word' id='word_1_44' title='bbox 286 1133 329 1196; x_wconf 81' lang='lat' dir='ltr'>ea,</span> <span class='ocrx_word' id='word_1_45' title='bbox 352 1133 423 1190; x_wconf 91' lang='lat' dir='ltr'>quae</span> <span class='ocrx_word' id='word_1_46' title='bbox 444 1133 462 1176; x_wconf 90' lang='lat' dir='ltr'>a</span> <span class='ocrx_word' id='word_1_47' title='bbox 483 1116 638 1176; x_wconf 85' lang='lat' dir='ltr'>Plutarcho</span> <span class='ocrx_word' id='word_1_48' title='bbox 662 1134 697 1176; x_wconf 86' lang='lat' dir='ltr'>ex</span> <span class='ocrx_word' id='word_1_49' title='bbox 718 1116 872 1191; x_wconf 88' lang='lat' dir='ltr'>Phylarchi</span> <span class='ocrx_word' id='word_1_50' title='bbox 893 1119 1023 1178; x_wconf 90' lang='lat' dir='ltr'>historiis</span> <span class='ocrx_word' id='word_1_51' title='bbox 1046 1124 1159 1192; x_wconf 86' lang='lat' dir='ltr'>sumpte</span> <span class='ocrx_word' id='word_1_52' title='bbox 1181 1135 1244 1179; x_wconf 86' lang='lat' dir='ltr'>esse</span> <span class='ocrx_word' id='word_1_53' title='bbox 1265 1121 1330 1192; x_wconf 82' lang='lat' dir='ltr'>ipsa</span> <span class='ocrx_word' id='word_1_54' title='bbox 1351 1119 1428 1194; x_wconf 83' lang='lat' dir='ltr'>frag·</span> 
     </span>
     <span class='ocr_line' id='line_1_8' title="bbox 286 1202 1082 1292; baseline 0.004 -18"><span class='ocrx_word' id='word_1_55' title='bbox 286 1223 447 1276; x_wconf 88' lang='lat' dir='ltr'>mentorum</span> <span class='ocrx_word' id='word_1_56' title='bbox 468 1214 542 1281; x_wconf 84' lang='lat' dir='ltr'>forte</span> <span class='ocrx_word' id='word_1_57' title='bbox 565 1223 742 1278; x_wconf 85' lang='lat' dir='ltr'>servatomm</span> <span class='ocrx_word' id='word_1_58' title='bbox 764 1221 940 1292; x_wconf 88' lang='lat' dir='ltr'>comparatio</span> <span class='ocrx_word' id='word_1_59' title='bbox 963 1202 1082 1278; x_wconf 86' lang='lat' dir='ltr'>evincit:</span> 
     </span>
    </p>
   </div>
   <div class='ocr_carea' id='block_1_2' title="bbox 283 1324 1427 2130">
    <p class='ocr_par' dir='ltr' id='par_1_3' title="bbox 283 1324 1427 2031">
     <span class='ocr_line' id='line_1_9' title="bbox 327 1324 1426 1419; baseline 0.005 -18"><span class='ocrx_word' id='word_1_60' title='bbox 327 1344 409 1401; x_wconf 90' lang='lat' dir='ltr'>Dem.</span> <span class='ocrx_word' id='word_1_61' title='bbox 457 1360 480 1402; x_wconf 92' lang='lat' dir='ltr'>c.</span> <span class='ocrx_word' id='word_1_62' title='bbox 521 1345 560 1401; x_wconf 79' lang='lat'>25</span> <span class='ocrx_word' id='word_1_63' title='bbox 614 1324 857 1419; x_wconf 68' lang='grc' dir='ltr'><em>(Δημήτριοςλᾷ</em></span> <span class='ocrx_word' id='word_1_64' title='bbox 923 1344 1004 1416; x_wconf 86' lang='lat' dir='ltr'>Phyl.</span> <span class='ocrx_word' id='word_1_65' title='bbox 1026 1344 1081 1418; x_wconf 81' lang='lat' dir='ltr'>frg.</span> <span class='ocrx_word' id='word_1_66' title='bbox 1108 1348 1146 1403; x_wconf 79' lang='lat'>29</span> <span class='ocrx_word' id='word_1_67' title='bbox 1170 1346 1213 1404; x_wconf 89' lang='lat' dir='ltr'>ed.</span> <span class='ocrx_word' id='word_1_68' title='bbox 1238 1347 1336 1406; x_wconf 86' lang='lat' dir='ltr'>Muell.</span> <span class='ocrx_word' id='word_1_69' title='bbox 1369 1363 1426 1406; x_wconf 81' lang='lat' dir='ltr'>ae-</span> 
     </span>
     <span class='ocr_line' id='line_1_10' title="bbox 285 1431 1426 1523; baseline 0.005 -23"><span class='ocrx_word' id='word_1_70' title='bbox 285 1437 389 1517; x_wconf 76' lang='grc' dir='ltr'><em>ἡὸέως</em></span> <span class='ocrx_word' id='word_1_71' title='bbox 412 1431 509 1515; x_wconf 75' lang='grc' dir='ltr'><em>ἤκουε</em></span> <span class='ocrx_word' id='word_1_72' title='bbox 531 1441 595 1501; x_wconf 77' lang='grc' dir='ltr'>τῶν</span> <span class='ocrx_word' id='word_1_73' title='bbox 612 1433 705 1521; x_wconf 83' lang='grc' dir='ltr'><em>παρά</em></span> <span class='ocrx_word' id='word_1_74' title='bbox 726 1432 829 1501; x_wconf 82' lang='grc' dir='ltr'><em>κότον</em></span> <span class='ocrx_word' id='word_1_75' title='bbox 880 1435 1008 1521; x_wconf 72' lang='grc' dir='ltr'><em>ριεοίρα</em></span> <span class='ocrx_word' id='word_1_76' title='bbox 1040 1434 1229 1523; x_wconf 82' lang='grc' dir='ltr'><em>Δημήτριος</em></span> <span class='ocrx_word' id='word_1_77' title='bbox 1263 1433 1342 1513; x_wconf 72' lang='grc' dir='ltr'>τούς</span> <span class='ocrx_word' id='word_1_78' title='bbox 1364 1465 1426 1516; x_wconf 56' lang='grc' dir='ltr'><em>κο,-</em></span> 
     </span>
     <span class='ocr_line' id='line_1_11' title="bbox 285 1532 1425 1623; baseline 0.004 -20"><span class='ocrx_word' id='word_1_79' title='bbox 285 1535 453 1617; x_wconf 78' lang='grc' dir='ltr'><em>ἐπιχύσεις</em></span> <span class='ocrx_word' id='word_1_80' title='bbox 487 1533 723 1622; x_wconf 75' lang='grc' dir='ltr'><em>λαμβανόντων</em></span> <span class='ocrx_word' id='word_1_81' title='bbox 762 1538 828 1614; x_wconf 83' lang='grc' dir='ltr'>Λη-</span> <span class='ocrx_word' id='word_1_82' title='bbox 855 1545 857 1593; x_wconf 67' lang='lat' dir='ltr'>i</span> <span class='ocrx_word' id='word_1_83' title='bbox 881 1532 1084 1610; x_wconf 79' lang='grc' dir='ltr'><em>λακεάοντας</em></span> <span class='ocrx_word' id='word_1_84' title='bbox 1097 1533 1199 1604; x_wconf 80' lang='grc' dir='ltr'><em>αυτόν</em></span> <span class='ocrx_word' id='word_1_85' title='bbox 1211 1547 1244 1604; x_wconf 78' lang='grc' dir='ltr'>ἐν</span> <span class='ocrx_word' id='word_1_86' title='bbox 1255 1551 1329 1614; x_wconf 86' lang='grc' dir='ltr'><em>τοῖς</em></span> <span class='ocrx_word' id='word_1_87' title='bbox 1342 1563 1425 1623; x_wconf 91' lang='grc' dir='ltr'><em>συμ-</em></span> 
     </span>
     <span class='ocr_line' id='line_1_12' title="bbox 285 1632 1426 1725; baseline 0.002 -20"><span class='ocrx_word' id='word_1_88' title='bbox 285 1645 426 1725; x_wconf 83' lang='grc' dir='ltr'><em>μητρίου</em></span> <span class='ocrx_word' id='word_1_89' title='bbox 446 1640 620 1723; x_wconf 80' lang='grc' dir='ltr'><em>βασιλέως,</em></span> <span class='ocrx_word' id='word_1_90' title='bbox 655 1632 828 1704; x_wconf 74' lang='grc' dir='ltr'><strong><em>Σελεύκου</em></strong></span> <span class='ocrx_word' id='word_1_91' title='bbox 881 1642 1011 1711; x_wconf 84' lang='grc' dir='ltr'><em>κοσίοις</em></span> <span class='ocrx_word' id='word_1_92' title='bbox 1033 1642 1089 1704; x_wconf 82' lang='grc' dir='ltr'><em>καὶ</em></span> <span class='ocrx_word' id='word_1_93' title='bbox 1106 1646 1343 1721; x_wconf 78' lang='grc' dir='ltr'><em>ἐπιχεομένους</em></span> <span class='ocrx_word' id='word_1_94' title='bbox 1359 1644 1426 1721; x_wconf 85' lang='grc' dir='ltr'>Λη-</span> 
     </span>
     <span class='ocr_line' id='line_1_13' title="bbox 288 1736 1426 1829; baseline 0.001 -24"><span class='ocrx_word' id='word_1_95' title='bbox 288 1743 326 1806; x_wconf 76' lang='grc' dir='ltr'>δὲ</span> <span class='ocrx_word' id='word_1_96' title='bbox 337 1736 600 1829; x_wconf 76' lang='grc' dir='ltr'><em>ἐλεφαντάρχου,</em></span> <span class='ocrx_word' id='word_1_97' title='bbox 610 1740 828 1819; x_wconf 86' lang='grc' dir='ltr'><em>Πτολεμαίου</em></span> <span class='ocrx_word' id='word_1_98' title='bbox 868 1743 1023 1823; x_wconf 55' lang='grc' dir='ltr'><em>’μητρίου</em></span> <span class='ocrx_word' id='word_1_99' title='bbox 1044 1743 1103 1820; x_wconf 78' lang='grc' dir='ltr'>μὲν</span> <span class='ocrx_word' id='word_1_100' title='bbox 1124 1739 1229 1820; x_wconf 88' lang='grc' dir='ltr'><em>μόνου</em></span> <span class='ocrx_word' id='word_1_101' title='bbox 1249 1743 1426 1826; x_wconf 77' lang='grc' dir='ltr'><em>βασιλέως,</em></span> 
     </span>
     <span class='ocr_line' id='line_1_14' title="bbox 288 1834 1427 1927; baseline 0.003 -21"><span class='ocrx_word' id='word_1_102' title='bbox 288 1843 326 1906; x_wconf 80' lang='grc' dir='ltr'>δὲ</span> <span class='ocrx_word' id='word_1_103' title='bbox 347 1834 533 1926; x_wconf 81' lang='grc' dir='ltr'><em>ναυάρχου,</em></span> <span class='ocrx_word' id='word_1_104' title='bbox 557 1838 765 1920; x_wconf 76' lang='grc' dir='ltr'><em>Λυσιμάχου</em></span> <span class='ocrx_word' id='word_1_105' title='bbox 789 1841 828 1902; x_wconf 79' lang='grc' dir='ltr'>δὲ</span> <span class='ocrx_word' id='word_1_106' title='bbox 854 1877 856 1903; x_wconf 82' lang='lat' dir='ltr'>l</span> <span class='ocrx_word' id='word_1_107' title='bbox 881 1840 1100 1921; x_wconf 85' lang='grc' dir='ltr'><em>Πτολεμαίου</em></span> <span class='ocrx_word' id='word_1_108' title='bbox 1151 1843 1189 1907; x_wconf 77' lang='grc' dir='ltr'>δὲ</span> <span class='ocrx_word' id='word_1_109' title='bbox 1240 1839 1427 1927; x_wconf 75' lang='grc' dir='ltr'><em>ναυάρχου,</em></span> 
     </span>
     <span class='ocr_line' id='line_1_15' title="bbox 283 1936 1427 2031; baseline 0.002 -25"><span class='ocrx_word' id='word_1_110' title='bbox 283 1936 533 2030; x_wconf 71' lang='grc' dir='ltr'><em>γαζοφύλακος.</em></span> <span class='ocrx_word' id='word_1_111' title='bbox 769 1989 772 1994; x_wconf 77' lang='grc'><em>.</em></span> <span class='ocrx_word' id='word_1_112' title='bbox 854 1938 1091 2021; x_wconf 84' lang='grc' dir='ltr'><em>Λυσιμάχου</em></span> <span class='ocrx_word' id='word_1_113' title='bbox 1119 1944 1158 2006; x_wconf 78' lang='grc' dir='ltr'>δὲ</span> <span class='ocrx_word' id='word_1_114' title='bbox 1180 1940 1427 2031; x_wconf 72' lang='grc' dir='ltr'><em>γαζοφύλακος,</em></span> 
     </span>
    </p>

    <p class='ocr_par' dir='ltr' id='par_1_4' title="bbox 854 2039 1399 2130">
     <span class='ocr_line' id='line_1_16' title="bbox 854 2039 1399 2130; baseline 0.012 -26.318"><span class='ocrx_word' id='word_1_115' title='bbox 854 2039 1110 2113; x_wconf 78' lang='grc' dir='ltr'><em>Σελευκσυὸ</em></span> <span class='ocrx_word' id='word_1_116' title='bbox 1135 2041 1399 2130; x_wconf 81' lang='grc' dir='ltr'><em>ἐλεφαντάρχου.</em></span> 
     </span>
    </p>
   </div>
   <div class='ocr_carea' id='block_1_3' title="bbox 287 2179 1427 2454">
    <p class='ocr_par' dir='ltr' id='par_1_5' title="bbox 287 2179 1427 2454">
     <span class='ocr_line' id='line_1_17' title="bbox 296 2179 1426 2256; baseline 0.001 -15"><span class='ocrx_word' id='word_1_117' title='bbox 296 2208 299 2214; x_wconf 61' lang='grc'><strong><em>’</em></strong></span> <span class='ocrx_word' id='word_1_118' title='bbox 374 2187 454 2256; x_wconf 77' lang='lat' dir='ltr'>Quae</span> <span class='ocrx_word' id='word_1_119' title='bbox 476 2180 564 2241; x_wconf 90' lang='lat' dir='ltr'>verba</span> <span class='ocrx_word' id='word_1_120' title='bbox 585 2179 660 2254; x_wconf 89' lang='lat' dir='ltr'>apud</span> <span class='ocrx_word' id='word_1_121' title='bbox 682 2181 748 2238; x_wconf 91' lang='lat' dir='ltr'>Plut</span> <span class='ocrx_word' id='word_1_122' title='bbox 736 2181 866 2240; x_wconf 80' lang='lat' dir='ltr'>barchum</span> <span class='ocrx_word' id='word_1_123' title='bbox 889 2181 924 2240; x_wconf 92' lang='lat' dir='ltr'>de</span> <span class='ocrx_word' id='word_1_124' title='bbox 945 2182 1105 2256; x_wconf 86' lang='lat' dir='ltr'>Agathocle</span> <span class='ocrx_word' id='word_1_125' title='bbox 1127 2184 1224 2256; x_wconf 84' lang='lat' dir='ltr'>legunt</span> <span class='ocrx_word' id='word_1_126' title='bbox 1225 2201 1272 2253; x_wconf 91' lang='lat' dir='ltr'>ur,</span> <span class='ocrx_word' id='word_1_127' title='bbox 1295 2190 1345 2241; x_wconf 90' lang='lat' dir='ltr'>aut</span> <span class='ocrx_word' id='word_1_128' title='bbox 1365 2185 1426 2255; x_wconf 92' lang='lat' dir='ltr'>ipse</span> 
     </span>
     <span class='ocr_line' id='line_1_18' title="bbox 289 2275 1427 2355; baseline -0.003 -12"><span class='ocrx_word' id='word_1_129' title='bbox 289 2284 405 2343; x_wconf 80' lang='lat' dir='ltr'>aliunde</span> <span class='ocrx_word' id='word_1_130' title='bbox 428 2283 549 2355; x_wconf 88' lang='lat' dir='ltr'>sumpsit</span> <span class='ocrx_word' id='word_1_131' title='bbox 571 2287 618 2340; x_wconf 85' lang='lat' dir='ltr'>eut</span> <span class='ocrx_word' id='word_1_132' title='bbox 641 2281 803 2340; x_wconf 88' lang='lat' dir='ltr'>Athenaeus</span> <span class='ocrx_word' id='word_1_133' title='bbox 833 2281 896 2352; x_wconf 87' lang='lat' dir='ltr'>(Vl,</span> <span class='ocrx_word' id='word_1_134' title='bbox 919 2275 1029 2354; x_wconf 71' lang='lat' dir='ltr'>p.&#39;26l</span> <span class='ocrx_word' id='word_1_135' title='bbox 1045 2283 1072 2355; x_wconf 84' lang='lat' dir='ltr'>b,</span> <span class='ocrx_word' id='word_1_136' title='bbox 1095 2282 1143 2342; x_wconf 92' lang='lat' dir='ltr'>ubi</span> <span class='ocrx_word' id='word_1_137' title='bbox 1166 2282 1318 2355; x_wconf 89' lang='lat' dir='ltr'>Phylarchi</span> <span class='ocrx_word' id='word_1_138' title='bbox 1347 2284 1427 2342; x_wconf 89' lang='lat' dir='ltr'>lecus</span> 
     </span>
     <span class='ocr_line' id='line_1_19' title="bbox 287 2373 790 2454; baseline -0.008 -11"><span class='ocrx_word' id='word_1_139' title='bbox 287 2373 416 2445; x_wconf 85' lang='lat' dir='ltr'>servatus</span> <span class='ocrx_word' id='word_1_140' title='bbox 437 2384 496 2454; x_wconf 88' lang='lat' dir='ltr'>est)</span> <span class='ocrx_word' id='word_1_141' title='bbox 519 2382 620 2442; x_wconf 88' lang='lat' dir='ltr'>omisit.</span> <span class='ocrx_word' id='word_1_142' title='bbox 663 2380 790 2441; x_wconf 88' lang='lat' dir='ltr'>Deinde:</span> 
     </span>
    </p>
   </div>
   <div class='ocr_carea' id='block_1_4' title="bbox 287 2496 1428 3025">
    <p class='ocr_par' dir='ltr' id='par_1_6' title="bbox 287 2496 1428 2990">
     <span class='ocr_line' id='line_1_20' title="bbox 329 2496 1426 2613; baseline -0.004 -45"><span class='ocrx_word' id='word_1_143' title='bbox 329 2509 367 2569; x_wconf 93' lang='lat' dir='ltr'>ib.</span> <span class='ocrx_word' id='word_1_144' title='bbox 400 2504 628 2584; x_wconf 79' lang='grc' dir='ltr'><em>(Λυσίμαχος)</em></span> <span class='ocrx_word' id='word_1_145' title='bbox 662 2503 857 2613; x_wconf 73' lang='lat' dir='ltr'>toedepeiu&#39;</span> <span class='ocrx_word' id='word_1_146' title='bbox 922 2505 1029 2581; x_wconf 89' lang='lat' dir='ltr'>Phylf</span> <span class='ocrx_word' id='word_1_147' title='bbox 1027 2526 1070 2582; x_wconf 71' lang='grc' dir='ltr'>νς.</span> <span class='ocrx_word' id='word_1_148' title='bbox 1084 2496 1426 2583; x_wconf 73' lang='grc' dir='ltr'><em>6Λυσιμαχος,Ἐχολ</em></span> 
     </span>
     <span class='ocr_line' id='line_1_21' title="bbox 287 2586 1425 2689; baseline -0.002 -21"><span class='ocrx_word' id='word_1_149' title='bbox 287 2612 335 2676; x_wconf 81' lang='grc' dir='ltr'>εἰς</span> <span class='ocrx_word' id='word_1_150' title='bbox 367 2628 423 2667; x_wconf 90' lang='grc' dir='ltr'>τον</span> <span class='ocrx_word' id='word_1_151' title='bbox 458 2606 567 2688; x_wconf 77' lang='grc' dir='ltr'><em>ίρωτα</em></span> <span class='ocrx_word' id='word_1_152' title='bbox 602 2607 657 2683; x_wconf 78' lang='grc' dir='ltr'>τῆς</span> <span class='ocrx_word' id='word_1_153' title='bbox 690 2586 858 2688; x_wconf 88' lang='grc' dir='ltr'><em>Λαμίας</em></span> <span class='ocrx_word' id='word_1_154' title='bbox 883 2605 1007 2683; x_wconf 85' lang='grc' dir='ltr'><em>τοίνυν,</em></span> <span class='ocrx_word' id='word_1_155' title='bbox 1030 2604 1108 2689; x_wconf 77' lang='grc' dir='ltr'>ἔφη,</span> <span class='ocrx_word' id='word_1_156' title='bbox 1139 2596 1258 2686; x_wconf 80' lang='grc' dir='ltr'><em>πόρνην</em></span> <span class='ocrx_word' id='word_1_157' title='bbox 1281 2608 1318 2666; x_wconf 77' lang='grc' dir='ltr'>ἐκ</span> <span class='ocrx_word' id='word_1_158' title='bbox 1339 2626 1425 2686; x_wconf 85' lang='grc' dir='ltr'><em>τρα-</em></span> 
     </span>
     <span class='ocr_line' id='line_1_22' title="bbox 289 2694 1427 2788; baseline -0.001 -18"><span class='ocrx_word' id='word_1_159' title='bbox 289 2707 376 2787; x_wconf 77' lang='grc' dir='ltr'><em>ὲλεχε</em></span> <span class='ocrx_word' id='word_1_160' title='bbox 397 2727 454 2769; x_wconf 91' lang='grc' dir='ltr'>νυν</span> <span class='ocrx_word' id='word_1_161' title='bbox 483 2727 612 2788; x_wconf 77' lang='lat' dir='ltr'>repertor</span> <span class='ocrx_word' id='word_1_162' title='bbox 645 2710 858 2788; x_wconf 78' lang='grc' dir='ltr'><em>ἑωρακέναιξ</em></span> <span class='ocrx_word' id='word_1_163' title='bbox 882 2706 975 2784; x_wconf 80' lang='grc' dir='ltr'><em>χικῆς</em></span> <span class='ocrx_word' id='word_1_164' title='bbox 1019 2706 1135 2782; x_wconf 80' lang='grc' dir='ltr'><em>σκηνῆς</em></span> <span class='ocrx_word' id='word_1_165' title='bbox 1183 2700 1249 2780; x_wconf 77' lang='grc' dir='ltr'>οὐχ</span> <span class='ocrx_word' id='word_1_166' title='bbox 1291 2694 1427 2787; x_wconf 82' lang='grc' dir='ltr'><em>ἑάρακα</em></span> 
     </span>
     <span class='ocr_line' id='line_1_23' title="bbox 289 2793 1427 2892; baseline -0.004 -19"><span class='ocrx_word' id='word_1_167' title='bbox 289 2830 411 2892; x_wconf 84' lang='grc' dir='ltr'><em>πορνην</em></span> <span class='ocrx_word' id='word_1_168' title='bbox 424 2809 674 2890; x_wconf 81' lang='grc' dir='ltr'><em>ποοερχομενην</em></span> <span class='ocrx_word' id='word_1_169' title='bbox 697 2812 733 2870; x_wconf 90' lang='grc' dir='ltr'>εκ</span> <span class='ocrx_word' id='word_1_170' title='bbox 748 2829 830 2888; x_wconf 90' lang='grc' dir='ltr'><em>τρα</em></span> <span class='ocrx_word' id='word_1_171' title='bbox 856 2802 1047 2883; x_wconf 79' lang='grc' dir='ltr'><em>ἐξιουσαν·</em></span> <span class='ocrx_word' id='word_1_172' title='bbox 1071 2793 1127 2882; x_wconf 80' lang='grc' dir='ltr'><em>τν&gt;ν</em></span> <span class='ocrx_word' id='word_1_173' title='bbox 1150 2802 1337 2883; x_wconf 80' lang='grc' dir='ltr'><em>αυλητρίὸα</em></span> <span class='ocrx_word' id='word_1_174' title='bbox 1349 2806 1427 2869; x_wconf 91' lang='grc' dir='ltr'><em>Λα-</em></span> 
     </span>
     <span class='ocr_line' id='line_1_24' title="bbox 288 2888 1428 3025; baseline 0 -54"><span class='ocrx_word' id='word_1_175' title='bbox 288 2910 383 2990; x_wconf 79' lang='grc' dir='ltr'><em>χικῆς</em></span> <span class='ocrx_word' id='word_1_176' title='bbox 399 2909 526 2984; x_wconf 73' lang='grc' dir='ltr'><em>σκηνῆς</em></span> <span class='ocrx_word' id='word_1_177' title='bbox 552 2903 631 2969; x_wconf 71' lang='lat' dir='ltr'>ool</span> <span class='ocrx_word' id='word_1_178' title='bbox 647 2888 859 2990; x_wconf 77' lang='grc' dir='ltr'><em>Λημνχτριος</em></span> <span class='ocrx_word' id='word_1_179' title='bbox 857 2907 964 2985; x_wconf 91' lang='grc' dir='ltr'><em>μίαν</em></span> <span class='ocrx_word' id='word_1_180' title='bbox 985 2907 1113 3025; x_wconf 73' lang='grc' dir='ltr'><em>λέγων’</em></span> <span class='ocrx_word' id='word_1_181' title='bbox 1138 2903 1428 2988; x_wconf 77' lang='grc' dir='ltr'><em>Ἀνταχχελίλίντος</em></span> 
     </span>
    </p>
   </div>
   <div class='ocr_carea' id='block_1_5' title="bbox 289 2999 1430 3494">
    <p class='ocr_par' dir='ltr' id='par_1_7' title="bbox 289 2999 1429 3095">
     <span class='ocr_line' id='line_1_25' title="bbox 289 2999 1429 3095; baseline 0 -24"><span class='ocrx_word' id='word_1_182' title='bbox 289 3010 352 3095; x_wconf 75' lang='grc' dir='ltr'>ἐφη</span> <span class='ocrx_word' id='word_1_183' title='bbox 365 3001 859 3094; x_wconf 74' lang='grc' dir='ltr'><em>τήνέαατοαπόρνηνσωῳρο-</em></span> <span class='ocrx_word' id='word_1_184' title='bbox 886 3007 924 3070; x_wconf 76' lang='grc' dir='ltr'>δε</span> <span class='ocrx_word' id='word_1_185' title='bbox 946 3007 1003 3070; x_wconf 86' lang='grc' dir='ltr'><em>καὶ</em></span> <span class='ocrx_word' id='word_1_186' title='bbox 1027 3028 1159 3087; x_wconf 86' lang='grc' dir='ltr'><em>τουτου,</em></span> <span class='ocrx_word' id='word_1_187' title='bbox 1181 2999 1280 3071; x_wconf 80' lang='grc' dir='ltr'><em>πάλιν</em></span> <span class='ocrx_word' id='word_1_188' title='bbox 1303 3005 1429 3079; x_wconf 69' lang='lat' dir='ltr'>dueta—</span> 
     </span>
    </p>

    <p class='ocr_par' dir='ltr' id='par_1_8' title="bbox 289 3098 1429 3195">
     <span class='ocr_line' id='line_1_26' title="bbox 289 3098 1429 3195; baseline -0.003 -22"><span class='ocrx_word' id='word_1_189' title='bbox 289 3112 445 3191; x_wconf 79' lang='grc' dir='ltr'><em>νεστέραν</em></span> <span class='ocrx_word' id='word_1_190' title='bbox 487 3104 570 3170; x_wconf 83' lang='grc' dir='ltr'><em>εἶναι</em></span> <span class='ocrx_word' id='word_1_191' title='bbox 613 3110 670 3185; x_wconf 75' lang='grc' dir='ltr'>τῆς</span> <span class='ocrx_word' id='word_1_192' title='bbox 707 3109 835 3171; x_wconf 79' lang='grc' dir='ltr'><em>ἐκείνου</em></span> <span class='ocrx_word' id='word_1_193' title='bbox 883 3098 993 3189; x_wconf 79' lang='grc' dir='ltr'>βάν</span> <span class='ocrx_word' id='word_1_194' title='bbox 976 3131 993 3170; x_wconf 93' lang='grc' dir='ltr'><em>ο</em></span> <span class='ocrx_word' id='word_1_195' title='bbox 1017 3100 1253 3191; x_wconf 78' lang='grc' dir='ltr'><em>Λημήτρισς”</em></span> <span class='ocrx_word' id='word_1_196' title='bbox 1234 3131 1314 3195; x_wconf 83' lang='grc' dir='ltr'><em>εφη,</em></span> <span class='ocrx_word' id='word_1_197' title='bbox 1348 3104 1429 3171; x_wconf 86' lang='grc' dir='ltr'><em>Ἀλλ’</em></span> 
     </span>
    </p>

    <p class='ocr_par' dir='ltr' id='par_1_9' title="bbox 289 3201 1430 3494">
     <span class='ocr_line' id='line_1_27' title="bbox 289 3201 1429 3294; baseline -0.004 -22"><span class='ocrx_word' id='word_1_198' title='bbox 289 3201 489 3286; x_wconf 78' lang='grc' dir='ltr'><em>Πηνελόπης.</em></span> <span class='ocrx_word' id='word_1_199' title='bbox 885 3204 997 3288; x_wconf 74' lang='grc' dir='ltr'><em>ἡκαρ</em></span> <span class='ocrx_word' id='word_1_200' title='bbox 1021 3209 1092 3287; x_wconf 80' lang='grc' dir='ltr'><em>ἐμοὶ</em></span> <span class='ocrx_word' id='word_1_201' title='bbox 1131 3203 1233 3292; x_wconf 82' lang='grc' dir='ltr'><em>πόρνη</em></span> <span class='ocrx_word' id='word_1_202' title='bbox 1257 3217 1429 3294; x_wconf 78' lang='grc' dir='ltr'><em>σωφρονέ-</em></span> 
     </span>
     <span class='ocr_line' id='line_1_28' title="bbox 886 3306 1430 3391; baseline -0.004 -21"><span class='ocrx_word' id='word_1_203' title='bbox 886 3325 1004 3391; x_wconf 89' lang='grc' dir='ltr'><em>στερον</em></span> <span class='ocrx_word' id='word_1_204' title='bbox 1034 3310 1093 3386; x_wconf 80' lang='grc' dir='ltr'>τῆς</span> <span class='ocrx_word' id='word_1_205' title='bbox 1123 3306 1197 3390; x_wconf 82' lang='grc' dir='ltr'><em>παρ’</em></span> <span class='ocrx_word' id='word_1_206' title='bbox 1221 3309 1332 3391; x_wconf 84' lang='grc' dir='ltr'><em>ἐκείνῳ</em></span> <span class='ocrx_word' id='word_1_207' title='bbox 1355 3307 1430 3385; x_wconf 78' lang='grc' dir='ltr'><em>11η.-</em></span> 
     </span>
     <span class='ocr_line' id='line_1_29' title="bbox 889 3403 1089 3494; baseline 0.01 -24"><span class='ocrx_word' id='word_1_208' title='bbox 889 3403 1022 3486; x_wconf 81' lang='grc' dir='ltr'><em>νελόαης</em></span> <span class='ocrx_word' id='word_1_209' title='bbox 1045 3409 1089 3494; x_wconf 75' lang='grc' dir='ltr'>ζρ.</span> 
     </span>
    </p>
   </div>
   <div class='ocr_carea' id='block_1_6' title="bbox 290 3561 1433 4242">
    <p class='ocr_par' dir='ltr' id='par_1_10' title="bbox 290 3561 1433 4242">
     <span class='ocr_line' id='line_1_30' title="bbox 375 3561 1432 3636; baseline -0.002 -11"><span class='ocrx_word' id='word_1_210' title='bbox 375 3567 429 3625; x_wconf 91' lang='lat' dir='ltr'>His</span> <span class='ocrx_word' id='word_1_211' title='bbox 451 3571 548 3625; x_wconf 83' lang='lat' dir='ltr'>autem</span> <span class='ocrx_word' id='word_1_212' title='bbox 570 3565 640 3623; x_wconf 86' lang='lat' dir='ltr'>loeis</span> <span class='ocrx_word' id='word_1_213' title='bbox 662 3565 718 3622; x_wconf 91' lang='lat' dir='ltr'>iam</span> <span class='ocrx_word' id='word_1_214' title='bbox 746 3566 891 3635; x_wconf 88' lang='lat' dir='ltr'>tamquam</span> <span class='ocrx_word' id='word_1_215' title='bbox 923 3561 1117 3623; x_wconf 84' lang='lat' dir='ltr'>fundamentis</span> <span class='ocrx_word' id='word_1_216' title='bbox 1139 3561 1191 3620; x_wconf 89' lang='lat' dir='ltr'>niti</span> <span class='ocrx_word' id='word_1_217' title='bbox 1211 3562 1287 3622; x_wconf 87' lang='lat' dir='ltr'>licet.</span> <span class='ocrx_word' id='word_1_218' title='bbox 1330 3562 1432 3636; x_wconf 87' lang='lat' dir='ltr'>Itaque</span> 
     </span>
     <span class='ocr_line' id='line_1_31' title="bbox 290 3662 1432 3740; baseline -0.004 -13"><span class='ocrx_word' id='word_1_219' title='bbox 290 3672 321 3727; x_wconf 95' lang='lat' dir='ltr'>in</span> <span class='ocrx_word' id='word_1_220' title='bbox 343 3671 405 3740; x_wconf 89' lang='lat' dir='ltr'>ipse</span> <span class='ocrx_word' id='word_1_221' title='bbox 429 3684 453 3724; x_wconf 90' lang='lat' dir='ltr'>c.</span> <span class='ocrx_word' id='word_1_222' title='bbox 476 3668 514 3725; x_wconf 78' lang='lat'>25</span> <span class='ocrx_word' id='word_1_223' title='bbox 536 3666 628 3724; x_wconf 90' lang='lat' dir='ltr'>eidem</span> <span class='ocrx_word' id='word_1_224' title='bbox 650 3664 784 3735; x_wconf 85' lang='lat' dir='ltr'>scriptori</span> <span class='ocrx_word' id='word_1_225' title='bbox 818 3662 1008 3737; x_wconf 85' lang='lat' dir='ltr'>probabiliter</span> <span class='ocrx_word' id='word_1_226' title='bbox 1040 3662 1198 3723; x_wconf 85' lang='lat' dir='ltr'>attribuere</span> <span class='ocrx_word' id='word_1_227' title='bbox 1231 3664 1298 3721; x_wconf 92' lang='lat' dir='ltr'>mihi</span> <span class='ocrx_word' id='word_1_228' title='bbox 1332 3665 1432 3724; x_wconf 85' lang='lat' dir='ltr'>videor</span> 
     </span>
     <span class='ocr_line' id='line_1_32' title="bbox 291 3762 1432 3842; baseline -0.005 -14"><span class='ocrx_word' id='word_1_229' title='bbox 291 3771 416 3842; x_wconf 90' lang='lat' dir='ltr'>iniquum</span> <span class='ocrx_word' id='word_1_230' title='bbox 438 3767 574 3826; x_wconf 91' lang='lat' dir='ltr'>iudicium</span> <span class='ocrx_word' id='word_1_231' title='bbox 595 3764 630 3823; x_wconf 90' lang='lat' dir='ltr'>de</span> <span class='ocrx_word' id='word_1_232' title='bbox 653 3764 801 3823; x_wconf 89' lang='lat' dir='ltr'>Demetrio</span> <span class='ocrx_word' id='word_1_233' title='bbox 824 3763 938 3835; x_wconf 85' lang='lat' dir='ltr'>factum,</span> <span class='ocrx_word' id='word_1_234' title='bbox 972 3762 1048 3836; x_wconf 91' lang='lat' dir='ltr'>quod</span> <span class='ocrx_word' id='word_1_235' title='bbox 1081 3764 1159 3823; x_wconf 88' lang='lat' dir='ltr'>loees</span> <span class='ocrx_word' id='word_1_236' title='bbox 1190 3765 1255 3824; x_wconf 92' lang='lat' dir='ltr'>illos</span> <span class='ocrx_word' id='word_1_237' title='bbox 1286 3765 1432 3838; x_wconf 84' lang='lat' dir='ltr'>praeeedit</span> 
     </span>
     <span class='ocr_line' id='line_1_33' title="bbox 292 3852 1430 3946; baseline -0.005 -17"><span class='ocrx_word' id='word_1_238' title='bbox 292 3867 393 3946; x_wconf 87' lang='lat' dir='ltr'>(verba</span> <span class='ocrx_word' id='word_1_239' title='bbox 416 3852 461 3926; x_wconf 72' lang='grc' dir='ltr'>οἷν</span> <span class='ocrx_word' id='word_1_240' title='bbox 484 3867 607 3931; x_wconf 75' lang='grc' dir='ltr'><em>ἐκεῖνος</em></span> <span class='ocrx_word' id='word_1_241' title='bbox 630 3869 714 3938; x_wconf 67' lang='lat' dir='ltr'>squ),</span> <span class='ocrx_word' id='word_1_242' title='bbox 747 3867 825 3930; x_wconf 88' lang='lat' dir='ltr'>item,</span> <span class='ocrx_word' id='word_1_243' title='bbox 848 3881 921 3937; x_wconf 83' lang='lat' dir='ltr'>quae</span> <span class='ocrx_word' id='word_1_244' title='bbox 942 3865 1028 3937; x_wconf 86' lang='lat' dir='ltr'>paule</span> <span class='ocrx_word' id='word_1_245' title='bbox 1048 3868 1116 3923; x_wconf 90' lang='lat' dir='ltr'>ante</span> <span class='ocrx_word' id='word_1_246' title='bbox 1138 3866 1174 3924; x_wconf 89' lang='lat' dir='ltr'>de</span> <span class='ocrx_word' id='word_1_247' title='bbox 1196 3866 1325 3926; x_wconf 79' lang='lat' dir='ltr'>Corinthi</span> <span class='ocrx_word' id='word_1_248' title='bbox 1346 3880 1430 3937; x_wconf 87' lang='lat' dir='ltr'>prae-</span> 
     </span>
     <span class='ocr_line' id='line_1_34' title="bbox 291 3964 1431 4041; baseline -0.007 -10"><span class='ocrx_word' id='word_1_249' title='bbox 291 3973 363 4031; x_wconf 91' lang='lat' dir='ltr'>sidio</span> <span class='ocrx_word' id='word_1_250' title='bbox 395 3975 532 4041; x_wconf 86' lang='lat' dir='ltr'>corrupto</span> <span class='ocrx_word' id='word_1_251' title='bbox 563 3968 705 4040; x_wconf 83' lang='lat' dir='ltr'>leguntur.</span> <span class='ocrx_word' id='word_1_252' title='bbox 759 3965 822 4036; x_wconf 75' lang='lat' dir='ltr'>Qua</span> <span class='ocrx_word' id='word_1_253' title='bbox 842 3980 906 4023; x_wconf 90' lang='lat' dir='ltr'>cum</span> <span class='ocrx_word' id='word_1_254' title='bbox 928 3981 960 4022; x_wconf 91' lang='lat' dir='ltr'>re</span> <span class='ocrx_word' id='word_1_255' title='bbox 992 3967 1142 4039; x_wconf 85' lang='lat' dir='ltr'>quoniam,</span> <span class='ocrx_word' id='word_1_256' title='bbox 1174 3985 1247 4041; x_wconf 89' lang='lat' dir='ltr'>quae</span> <span class='ocrx_word' id='word_1_257' title='bbox 1275 3983 1298 4024; x_wconf 85' lang='lat' dir='ltr'>c.</span> <span class='ocrx_word' id='word_1_258' title='bbox 1325 3964 1359 4022; x_wconf 85' lang='lat'>15</span> <span class='ocrx_word' id='word_1_259' title='bbox 1394 3964 1431 4023; x_wconf 88' lang='lat' dir='ltr'>de</span> 
     </span>
     <span class='ocr_line' id='line_1_35' title="bbox 292 4066 1433 4146; baseline -0.005 -14"><span class='ocrx_word' id='word_1_260' title='bbox 292 4074 421 4146; x_wconf 85' lang='lat' dir='ltr'>Sicyonis</span> <span class='ocrx_word' id='word_1_261' title='bbox 443 4076 472 4128; x_wconf 88' lang='lat' dir='ltr'>et</span> <span class='ocrx_word' id='word_1_262' title='bbox 495 4067 626 4127; x_wconf 82' lang='lat' dir='ltr'>Corinthi</span> <span class='ocrx_word' id='word_1_263' title='bbox 648 4067 718 4125; x_wconf 91' lang='lat' dir='ltr'>duce</span> <span class='ocrx_word' id='word_1_264' title='bbox 741 4067 950 4139; x_wconf 88' lang='lat' dir='ltr'>corrumpendo</span> <span class='ocrx_word' id='word_1_265' title='bbox 980 4073 1067 4139; x_wconf 76' lang='lat' dir='ltr'>atque</span> <span class='ocrx_word' id='word_1_266' title='bbox 1095 4068 1130 4125; x_wconf 91' lang='lat' dir='ltr'>de</span> <span class='ocrx_word' id='word_1_267' title='bbox 1152 4068 1270 4127; x_wconf 85' lang='lat' dir='ltr'>alternis</span> <span class='ocrx_word' id='word_1_268' title='bbox 1290 4066 1433 4126; x_wconf 87' lang='lat' dir='ltr'>Demetrii</span> 
     </span>
     <span class='ocr_line' id='line_1_36' title="bbox 292 4165 1432 4242; baseline -0.007 -11"><span class='ocrx_word' id='word_1_269' title='bbox 292 4181 321 4232; x_wconf 83' lang='lat' dir='ltr'>et</span> <span class='ocrx_word' id='word_1_270' title='bbox 342 4171 499 4231; x_wconf 88' lang='lat' dir='ltr'>Ptolemaei</span> <span class='ocrx_word' id='word_1_271' title='bbox 519 4169 601 4226; x_wconf 84' lang='lat' dir='ltr'>minis</span> <span class='ocrx_word' id='word_1_272' title='bbox 633 4167 839 4242; x_wconf 85' lang='lat' dir='ltr'>postulatisque</span> <span class='ocrx_word' id='word_1_273' title='bbox 861 4168 1052 4242; x_wconf 84' lang='lat' dir='ltr'>inueniuntur,</span> <span class='ocrx_word' id='word_1_274' title='bbox 1076 4168 1198 4241; x_wconf 87' lang='lat' dir='ltr'>quodam</span> <span class='ocrx_word' id='word_1_275' title='bbox 1221 4165 1306 4226; x_wconf 88' lang='lat' dir='ltr'>modo</span> <span class='ocrx_word' id='word_1_276' title='bbox 1329 4165 1432 4224; x_wconf 89' lang='lat' dir='ltr'>cohae-</span> 
     </span>
    </p>
   </div>
   <div class='ocr_carea' id='block_1_7' title="bbox 291 4357 1433 4527">
    <p class='ocr_par' dir='ltr' id='par_1_11' title="bbox 291 4357 1433 4527">
     <span class='ocr_line' id='line_1_37' title="bbox 362 4357 1433 4436; baseline -0.007 -15"><span class='ocrx_word' id='word_1_277' title='bbox 362 4369 382 4436; x_wconf 88' lang='lat'>1)</span> <span class='ocrx_word' id='word_1_278' title='bbox 401 4367 434 4421; x_wconf 84' lang='lat' dir='ltr'>cf.</span> <span class='ocrx_word' id='word_1_279' title='bbox 461 4366 530 4420; x_wconf 87' lang='lat' dir='ltr'>ritae</span> <span class='ocrx_word' id='word_1_280' title='bbox 548 4361 639 4431; x_wconf 81' lang='lat' dir='ltr'>Agidis</span> <span class='ocrx_word' id='word_1_281' title='bbox 657 4370 683 4417; x_wconf 85' lang='lat' dir='ltr'>ct</span> <span class='ocrx_word' id='word_1_282' title='bbox 706 4362 862 4435; x_wconf 82' lang='lat' dir='ltr'>Cleomenis,</span> <span class='ocrx_word' id='word_1_283' title='bbox 890 4367 917 4420; x_wconf 86' lang='lat' dir='ltr'>in</span> <span class='ocrx_word' id='word_1_284' title='bbox 946 4362 1038 4434; x_wconf 87' lang='lat' dir='ltr'>quibus</span> <span class='ocrx_word' id='word_1_285' title='bbox 1066 4362 1238 4419; x_wconf 85' lang='lat' dir='ltr'>descrihendis</span> <span class='ocrx_word' id='word_1_286' title='bbox 1263 4357 1433 4417; x_wconf 85' lang='lat' dir='ltr'>Plutarchum</span> 
     </span>
     <span class='ocr_line' id='line_1_38' title="bbox 291 4446 1208 4527; baseline -0.008 -15"><span class='ocrx_word' id='word_1_287' title='bbox 291 4459 405 4527; x_wconf 85' lang='lat' dir='ltr'>plurima</span> <span class='ocrx_word' id='word_1_288' title='bbox 423 4473 456 4510; x_wconf 86' lang='lat' dir='ltr'>ex</span> <span class='ocrx_word' id='word_1_289' title='bbox 473 4446 615 4525; x_wconf 78' lang='lat' dir='ltr'>Phylarchi</span> <span class='ocrx_word' id='word_1_290' title='bbox 634 4449 751 4505; x_wconf 85' lang='lat' dir='ltr'>historiis</span> <span class='ocrx_word' id='word_1_291' title='bbox 770 4450 887 4507; x_wconf 85' lang='lat' dir='ltr'>hausisse</span> <span class='ocrx_word' id='word_1_292' title='bbox 905 4454 974 4505; x_wconf 88' lang='lat' dir='ltr'>inter</span> <span class='ocrx_word' id='word_1_293' title='bbox 991 4467 1081 4507; x_wconf 81' lang='lat' dir='ltr'>ornnes</span> <span class='ocrx_word' id='word_1_294' title='bbox 1099 4455 1208 4505; x_wconf 86' lang='lat' dir='ltr'>constat.</span> 
     </span>
    </p>
   </div>
   <div class='ocr_carea' id='block_1_8' title="bbox 0 0 1634 5109">
    <p class='ocr_par' dir='ltr' id='par_1_12' title="bbox 0 0 1634 5109">
     <span class='ocr_line' id='line_1_39' title="bbox 0 0 1634 5109; baseline 0 0"><span class='ocrx_word' id='word_1_295' title='bbox 0 0 1634 5109; x_wconf 95' lang='lat' dir='ltr'> </span> 
     </span>
    </p>
   </div>
  </div>
 </body>
</html>
