3250 5109
776 417 921 504 Aa...

279 616 464 674 minationem
485 616 642 675 detestatos
663 616 701 673 sit
715 613 749 687 Ιλ,
780 632 838 674 non
867 617 971 674 iniuria
992 618 1118 689 opineris
1147 633 1211 674 enm
1239 618 1356 675 omnino
1378 617 1416 676 ab

278 712 464 789 Antigonidis
487 716 665 788 aliquantum
694 711 782 774 fuisse
812 717 937 774 alienum
965 732 1055 789 eaque
1083 735 1116 775 re
1147 717 1299 776 adductum
1328 719 1420 777 tradi·

276 817 372 889 disse,
404 833 478 890 quae
508 819 537 875 in
567 816 722 888 Demetrii,
755 820 927 890 praesertim
962 834 1026 876 cum
1058 799 1095 877 ad
1116 817 1266 878 Graeciam
1286 820 1317 877 in
1338 836 1419 878 snam

278 922 451 990 potestatem
490 917 676 991 redigendam
715 920 821 976 iteruin
864 920 1024 991 iterumque
1061 919 1256 993 expeditiones
1292 917 1409 980 fecisset

276 1018 402 1077 moribus
422 1020 515 1078 minus
536 1018 685 1092 probanda
705 1022 812 1078 essent.
843 1016 1019 1078 Confirmant
1042 1025 1138 1079 antem
1159 1020 1234 1079 hanc
1255 1021 1419 1092 opinionem

276 1135 319 1198 ea,
342 1135 413 1192 quae
434 1135 453 1177 a
473 1116 628 1177 Plutarcho
652 1135 687 1178 ex
709 1117 863 1192 Phylarchi
884 1119 1014 1179 historiis
1036 1125 1150 1192 sumpta
1171 1136 1235 1179 esse
1256 1122 1321 1192 ipsa
1341 1120 1419 1194 trag·

276 1225 437 1278 mentorum
458 1215 533 1278 forte
555 1224 733 1279 servatorum
754 1222 931 1293 comparatio
954 1204 1073 1279 evincit:

318 1346 400 1403 Dem.
447 1362 471 1403 ο.
512 1347 550 1402 25
604 1333 848 1419 (Δημήτριος)-
912 1344 995 1417 Phyl.
1018 1344 1072 1419 ing.
1098 1348 1137 1403 29
1160 1347 1203 1405 ed.
1228 1347 1327 1406 Muell.
1360 1363 1417 1406 πε-

275 1439 380 1518 ἡδίεος
402 1433 500 1517 ἤκουε
521 1443 585 1502 τῶν
603 1435 696 1522 παρά
717 1433 820 1503 πότον
873 1436 999 1522 ριεεόρα
1031 1435 1219 1523 Δημήτριος
1253 1433 1333 1513 τους
1355 1465 1417 1516 κο,-

276 1537 444 1619 ἐπιχόσεις
478 1535 714 1624 λαμβανόντων
752 1540 819 1616 Λη-
871 1533 1075 1611 λακεόοντας
1088 1534 1190 1605 αυτόν
1202 1547 1235 1604 ἐν
1246 1552 1320 1614 τοῖς
1332 1562 1416 1623 συμ-

276 1646 417 1727 μητρίου
437 1642 611 1725 βασιλέως,
645 1634 819 1705 Σελεύκου
872 1644 1002 1712 ποσίοις
1024 1643 1080 1705 καὶ
1097 1646 1333 1723 ἐπιχεομένους
1350 1644 1417 1721 Λη-

279 1744 317 1807 δὲ
328 1737 591 1830 ἐλεφαντάρχου,
601 1741 819 1821 Πτολεμαίου
859 1744 1014 1825 ιμητρίου
1035 1744 1094 1822 μὲν
1115 1739 1219 1821 μόνου
1240 1744 1417 1827 βασιλέως,

278 1845 317 1907 δὲ
337 1835 524 1927 ναυάρχου,
548 1839 756 1922 Λυσιμάχου
780 1843 819 1904 δὲ
845 1885 847 1903 .
872 1842 1091 1922 Πτολεμαίου
1142 1844 1180 1907 δὲ
1231 1839 1418 1927 ναυάρχου,

278 1938 524 2031 γαζοφύλακος.
760 1991 763 1996 -
845 1940 1081 2023 Λυσιμάχου
1110 1945 1148 2007 δὲ
1171 1941 1418 2032 γαζοφύλακος,

873 2041 1101 2109 Σελεύκουό
1126 2041 1390 2130 ἐλεφαντάρχου.

287 2210 290 2215 ·
365 2189 445 2258 Quae
467 2182 555 2243 verba
576 2182 652 2257 apud
672 2183 857 2242 Plutarchum
880 2183 915 2242 de
936 2181 1013 2256 Agat
1001 2183 1095 2240 thocle
1116 2184 1214 2255 legunt
1215 2200 1263 2252 nr,
1285 2189 1336 2240 aut
1356 2186 1418 2255 ipse

280 2286 396 2345 aliunde
419 2286 540 2357 sumpsit
528 2289 671 2342 ttam
632 2283 795 2342 Athenaeus
824 2275 1063 2356 (vl,p.'261b,
1086 2281 1133 2341 ubi
1156 2281 1309 2354 Phylarchi
1338 2283 1418 2341 locus

278 2391 375 2447 servat
375 2403 407 2444 us
428 2386 487 2456 est)
510 2384 612 2444 omisit
591 2383 782 2443 tDeinde:

319 2513 358 2571 ib.
391 2506 619 2586 (Λυσίμαχος)
653 2506 848 2593 λοιδορῶνΙ
913 2506 1020 2581 Phylf
1018 2526 1061 2582 rg.
1075 2497 1417 2583 6Λυσίμαχος,Ἐχεό

278 2614 326 2678 εἰς
358 2597 415 2669 τόν
445 2608 558 2690 ὲρωτα
593 2610 649 2685 τῆς
681 2607 849 2685 Λαμίας
873 2606 998 2683 τοίνυν,
1021 2604 1099 2690 ἔφη,
1129 2595 1250 2721 πόρνην
1273 2608 1309 2666 ἐκ
1331 2626 1417 2686 τρα-

280 2709 367 2790 ὲλεχε
389 2729 445 2771 νυν
474 2711 603 2791 πρῶτον
636 2709 849 2789 ἑωρακέναι
873 2706 967 2784 χικῇς
1010 2706 1126 2817 σκηνῆς
1174 2700 1240 2780 οὐχ
1282 2694 1419 2787 ἑόρακα

280 2832 402 2896 πόρνην
415 2811 665 2892 προερχομενην
688 2812 724 2869 εκ
739 2829 850 2887 τρα
847 2802 1039 2883 ἐξιουσαν
1061 2793 1119 2882 τὴν
1141 2802 1329 2883 αυλητρίὸα
1340 2806 1418 2869 Λα-

279 2913 374 2992 χικῇς
390 2911 517 2986 σκηνης
543 2906 623 2971 ὁὸὲ
638 2885 851 3001 Δημήτριος
875 2907 955 2985 μίαν
977 2907 1105 2988 λέγων.-
1129 2904 1419 2989 Ἀπαγχελθέντος

280 3012 343 3098 ὲφη
356 3003 823 3094 τηνέαντοῦπόρνηνσωφρο-
878 3008 916 3070 δὲ
938 3008 994 3071 καὶ
1018 3001 1151 3088 τούτου,
1173 3000 1271 3072 πάλιν
1294 3006 1420 3072 ὑπολα-

280 3114 436 3193 νεστίραν
479 3106 561 3172 εἶναι
604 3110 661 3186 τῆς
699 3111 826 3172 ἐκείνου
874 3098 985 3191 βάν
967 3131 985 3172 o
1009 3101 1244 3191 Λημὴτριοςέ
1243 3131 1306 3195 φη,
1339 3104 1420 3171 Ἀλλ’

281 3203 480 3288 Πηνελόπης.
876 3205 989 3290 ἡπαρ
1013 3210 1084 3288 ἐμοὶ
1122 3203 1224 3292 πόρνη
1249 3218 1420 3295 σωφρονε-

878 3325 996 3391 στερον
1026 3311 1085 3387 τῆς
1115 3306 1189 3391 παρ’
1212 3309 1324 3391 ἐκείνῳ
1346 3307 1421 3386 Πη-

880 3403 1013 3487 νελόπης
1037 3409 1080 3494 ζῇ.

367 3569 421 3627 His
443 3572 540 3626 autem
561 3566 632 3624 locis
653 3566 710 3623 iam
738 3568 883 3636 tamquam
914 3563 1109 3623 fundamentis
1130 3562 1183 3620 niti
1203 3562 1278 3622 licet.
1322 3563 1423 3637 Itaque

281 3673 397 3742 inipso
420 3685 445 3725 c.
468 3667 619 3726 acernen
642 3665 777 3736 scriptori
809 3662 1000 3738 probabiliter
1032 3662 1190 3723 attribuere
1223 3664 1291 3722 mihi
1324 3666 1423 3725 videor

282 3773 408 3844 iniquum
430 3768 566 3828 indicium
587 3767 622 3825 de
645 3765 793 3824 Demetrio
815 3764 930 3835 facturn,
964 3763 1040 3837 quod
1073 3765 1151 3824 locos
1182 3766 1247 3825 illos
1278 3765 1424 3839 praecedit

284 3869 385 3948 (verba
407 3853 453 3927 οἷν
475 3869 599 3933 ἐκεῖνος
622 3870 706 3939 squ),
739 3867 817 3931 item,
840 3882 913 3938 quae
934 3866 1020 3937 paulo
1040 3870 1108 3924 ante
1130 3867 1166 3925 de
1188 3867 1318 3927 Corinthi
1338 3880 1422 3937 prae-

283 3974 355 4033 sidio
387 3976 524 4042 corrupto
555 3962 696 4041 leguntur.
751 3966 813 4037 Qua
834 3981 898 4024 cnm
920 3982 951 4023 re
984 3968 1135 4039 quoniam,
1166 3985 1239 4042 quae
1268 3984 1290 4025 c.
1317 3964 1351 4022 15
1386 3965 1422 4023 de

284 4075 413 4148 Sicyonis
435 4077 464 4129 et
487 4068 618 4128 Corinthi
640 4068 710 4126 duce
733 4067 942 4140 corrumpendo
972 4074 1060 4141 atque
1087 4069 1123 4128 de
1144 4067 1262 4128 alternis
1282 4065 1424 4125 Demetrii

284 4183 313 4234 et
334 4173 491 4233 Ptolemaei
511 4170 593 4227 minis
625 4168 831 4242 postulatisque
852 4169 1044 4242 inveniuntur,
1068 4169 1190 4242 quodam
1213 4165 1298 4226 modo
1321 4165 1423 4225 cohau-

354 4371 375 4437 1)
393 4369 426 4423 cf.
453 4368 522 4421 vitae
540 4362 631 4432 Agidis
649 4370 675 4417 et
699 4362 855 4436 Cleomenis,
882 4367 909 4422 in
938 4363 1030 4435 quibus
1058 4362 1231 4419 describendis
1256 4357 1425 4417 Plutarchum

283 4460 396 4530 plurima
415 4475 448 4513 ex
465 4447 607 4526 Phylarehi
626 4451 743 4506 historiis
762 4452 880 4508 hausisse
898 4455 967 4506 inter
984 4467 1073 4507 omncs
1091 4455 1201 4506 constat.
