3250 5109
778 395 926 480 A

280 591 356 650 valet
377 591 414 650 ad
434 591 599 650 mutandam
622 592 794 651 senteutiam
816 591 852 649 de
882 587 938 650 fide
967 590 1135 665 Hieronymi
1164 593 1279 652 aliunde
1308 594 1418 652 stabili-

280 697 350 749 tam.
394 692 461 762 Quis
482 691 559 749 enim
579 693 710 765 ignorat,
733 708 819 764 quam
839 690 943 750 acerbe
965 691 1101 764 Polybius
1121 693 1158 751 de
1181 693 1314 760 Timaeo,
1342 695 1421 765 Phy-

280 792 388 863 larcho‚
420 788 615 866 Callisthene,
644 791 844 865 Theopompo,
876 791 941 848 aliis
969 807 1067 850 rerum
1097 791 1285 865 scriptoribus
1314 793 1422 854 iudicia

280 890 397 949 fecerit:
420 906 492 963 quae
514 897 688 950 tamennon
710 907 777 951 raro
799 893 906 950 iniusta
926 890 1012 950 fuisse
1034 896 1156 950 constat.

364 991 465 1064 Itaque
488 991 618 1064 equidem
645 994 700 1062 eis,
731 1009 803 1064 quae
832 998 919 1051 antea
947 987 988 1065 (p.
1010 994 1049 1048 22
1073 986 1128 1066 sq.)
1159 975 1315 1063 disputavi,
1344 993 1421 1050 nisus

282 1091 395 1150 iudiciis
416 1099 536 1163 utroque
557 1091 717 1150 Pausaniae
737 1092 800 1151 loco
819 1092 976 1151 memoriae
996 1091 1118 1163 proditis
1132 1108 1311 1164 nequaquam
1325 1107 1421 1150 assen-

280 1191 329 1248 tiri
350 1206 481 1263 possum3
504 1192 589 1250 immo
605 1192 882 1253 Braecknerum
903 1194 966 1250 iure
981 1192 1106 1251 arbitror
1123 1193 1261 1252 iudicasse
1284 1189 1328 1268 (p.
1344 1188 1421 1268 260)

283 1290 457 1350 Gordianum
478 1291 559 1349 illum
584 1297 631 1359 „et
651 1293 796 1365 scripsisse
818 1309 889 1365 opus
910 1294 1070 1367 singulare,
1101 1294 1191 1351 etita
1212 1292 1368 1366 scripsisse,
1389 1298 1423 1350 ut

282 1393 330 1449 vix
350 1392 424 1449 alius
446 1396 533 1460 esset,
565 1393 613 1463 qui
634 1392 734 1451 laudes
763 1392 823 1450 eius
853 1394 949 1464 operis
977 1409 1012 1452 ac
1038 1394 1158 1451 virtutes
1188 1389 1422 1465 aequipararet.“

283 1488 368 1548 Cuius
389 1507 485 1549 rerum
506 1492 653 1564 scriptoris
674 1491 794 1550 historia
820 1492 895 1565 quod
916 1493 1018 1564 periit,
1050 1494 1243 1565 maximopere
1272 1492 1423 1552 dolendum
1449 1520 1461 1537 ο

283 1595 336 1660 est,
361 1607 425 1649 cum
447 1597 477 1649 et
498 1593 614 1650 veritati
635 1593 784 1658 studiosus,
808 1592 937 1666 diligens,
960 1596 1127 1659 accuratus,
1150 1593 1220 1648 satis
1241 1590 1314 1649 liber
1335 1588 1423 1647 fuisse

281 1692 411 1749 videatur
432 1695 461 1748 et
482 1697 613 1762 tempora
628 1693 727 1765 gravia
741 1692 935 1763 descripserit,
958 1694 1062 1764 quippe
1077 1691 1177 1762 quibus
1192 1691 1328 1763 gentium,
1351 1703 1424 1761 quae

282 1797 312 1853 in
335 1792 474 1849 orientem
495 1807 594 1849 versus
615 1790 783 1850 babitabant
810 1800 839 1853 et
859 1793 932 1851 mari
958 1792 1072 1851 interno
1093 1790 1278 1858 adiacebant,
1308 1790 1368 1847 vita
1397 1794 1427 1846 et

284 1890 377 1948 cultus
398 1892 506 1949 sensim
528 1892 687 1964 sensimque
707 1908 825 1965 prorsus
846 1892 987 1952 immutati
1007 1894 1072 1950 sint.
