3250 5109
735 437 883 523 4348.-

238 652 306 695 suae
326 634 495 694 Plutarchus
516 636 660 705 inserere,
694 649 765 706 quas
786 650 833 693 res
856 635 918 692 sine
940 635 1028 695 dubio
1049 635 1164 695 aliunde
1186 636 1304 695 haustas
1325 637 1380 696 hoc

237 737 300 794 loco
321 739 441 793 nonest
462 752 514 792 cur
535 735 663 808 singulas
686 750 894 807 enumeremus,
929 753 993 794 cum
1024 735 1110 811 infra,
1144 734 1194 794 ubi
1214 735 1250 795 de
1279 753 1377 796 earam

237 834 362 894 lontibus
382 852 507 909 agemus,
533 837 657 892 omnium
678 835 930 907 proponendarum
952 837 1035 907 copia
1055 836 1115 894 fiat.
1362 912 1367 921 ι

321 936 434 1006 Restat,
459 941 491 993 ut
513 935 549 994 de
571 936 700 1006 iudiciis,
723 951 796 1007 quae
817 937 931 1007 saepius
954 937 989 994 de
1011 937 1158 994 Demetrio
1178 937 1207 1007 in
1227 936 1286 994 vita
1307 938 1382 995 eins·

237 1035 318 1103 liunt,
341 1037 480 1108 quaedam
512 1052 686 1094 moneamus.
740 1036 858 1094 Etenim
890 1037 938 1108 qui
968 1037 1047 1094 locos
1079 1036 1160 1106 illos,
1193 1051 1262 1108 quos
1295 1051 1382 1109 supra

239 1134 283 1211 (p.
306 1137 340 1204 7)
372 1138 565 1206 laudavimus,
599 1156 635 1194 ex
666 1134 750 1194 Dem.
773 1154 796 1194 5.
820 1138 849 1204 2,
872 1139 920 1209 20,
953 1135 1038 1194 Diod.
1061 1135 1146 1206 XIX,
1170 1139 1220 1202 81,
1251 1135 1318 1213 XX,
1343 1138 1380 1192 92

239 1240 345 1311 petitos
364 1238 538 1310 perlegerit,
561 1237 639 1296 nullo
663 1236 779 1310 negotio
799 1238 937 1296 concedet
965 1253 1029 1294 cum
1051 1236 1092 1293 eis
1115 1253 1295 1309 nequaquam
1315 1253 1383 1296 con·

238 1340 344 1397 sociari
365 1353 449 1410 posse
471 1339 577 1397 indicia
597 1339 705 1410 iniqua,
729 1354 802 1410 quae
824 1337 860 1396 de
882 1339 983 1397 eodem
997 1338 1060 1395 viro
1071 1337 1186 1409 saepius
1207 1339 1238 1395 in
1260 1337 1381 1397 medium

239 1436 432 1510 proferantur,
457 1433 553 1510 eaque
568 1437 694 1497 eiusdem
716 1439 840 1496 auctoris
869 1455 1011 1515 essenon
1033 1453 1128 1509 posse.
1173 1438 1247 1495 Sunt
1267 1454 1335 1497 vero
1355 1438 1384 1496 hi

240 1537 314 1596 loci:
348 1557 372 1596 c.
398 1542 435 1595 14
470 1526 576 1603 ἄλλως
601 1533 638 1596 δὲ
662 1530 872 1612 -γυναιξὶν
904 1545 933 1596 et
954 1524 1095 1608 τοιαύτη
1116 1532 1175 1611 μὲν
1196 1553 1268 1609 sqq,
1298 1554 1323 1594 c.
1345 1539 1383 1594 25

180 1660 181 1669 ¹
241 1620 287 1694 555
308 1638 433 1703 ἐκεῖνος
454 1653 530 1710 sqq,
563 1639 643 1696 cuius
675 1638 731 1696 loci
759 1635 845 1697 finem
866 1644 945 1697 certo
974 1639 1024 1697 alii
1053 1638 1126 1697 fonti
1158 1636 1278 1696 attribui
1310 1635 1385 1696 infra

242 1733 282 1816 (c.
307 1738 337 1808 3)
369 1739 571 1813 intellegetur,
604 1740 691 1796 552
724 1739 834 1807 omnia,
867 1755 941 1812 quae
972 1738 1097 1810 iniquius
1119 1737 1154 1796 de
1175 1737 1316 1796 Demetrii
1337 1755 1385 1796 ex·

241 1843 334 1896 trema
355 1839 413 1897 vita
435 1842 463 1895 et
483 1843 576 1896 morte
596 1838 770 1897 referuntur.
820 1839 875 1899 Sed
897 1841 1019 1897 maxime
1047 1839 1124 1896 idem
1149 1839 1186 1897 de
1216 1856 1240 1897 5.
1265 1840 1313 1906 41,
1335 1839 1384 1908 42,

241 1941 283 1994 44
303 1937 490 1996 iudicandum
515 1943 574 2010 est,
596 1940 626 1996 in
647 1939 750 2012 quibus
771 1939 986 1999 acerbissimum
1012 1939 1148 1999 iudicium
1179 1939 1214 1997 de
1235 1937 1385 1997 Demetrio

241 2038 275 2098 fit
296 2042 383 2108 atque
405 2037 556 2110 superbus,
579 2039 786 2098 consuetudine
807 2039 953 2109 molestus,
977 2039 1146 2109 luxuriosus,
1169 2035 1294 2095 difficilis
1315 2037 1384 2096 dici·

242 2138 353 2207 turis,
383 2153 467 2210 quem
488 2136 652 2205 humanum,
687 2144 874 2209 mansuetum,
907 2137 1001 2197 forma
1022 2144 1052 2197 et
1072 2139 1222 2196 maiestate
1243 2139 1385 2209 insignem

244 2236 420 2310 appellatum
450 2239 480 2295 in
513 2239 654 2296 communi
685 2237 766 2296 fonte
785 2239 845 2297 ¹illo
877 2241 990 2311 saepius
1021 2239 1187 2297 invenimus.
1237 2235 1333 2308 Atque
1353 2239 1383 2294 in
1439 2256 1441 2261 ·

233 2337 342 2395 eadem
365 2339 541 2397 narrationis
563 2342 646 2411 parte
669 2338 755 2397 etiam
775 2339 855 2398 aliud
878 2344 936 2408 est,
967 2339 1044 2411 qnod
1066 2339 1249 2397 offensionem
1269 2335 1383 2396 habeat.
1440 2348 1442 2367 ²

242 2437 317 2496 Nam
339 2441 363 2495 si
385 2444 423 2510 et,
446 2455 519 2512 quae
535 2441 634 2512 copiae
649 2455 792 2512 navesque
805 2440 893 2498 variis
912 2436 1090 2512 temporibus
1105 2436 1253 2496 Demetrio
1267 2433 1383 2506 fuerint,

243 2544 281 2608 et,
304 2538 335 2594 in
357 2554 412 2608 qua
433 2536 549 2596 fortuna
571 2539 794 2611 conditioneque
817 2539 892 2598 idem
923 2544 984 2595 tum
1005 2542 1134 2596 versatus
1155 2537 1201 2605 sit,
1221 2536 1385 2595 considera-

242 2654 315 2709 mus,
337 2653 471 2695 numerus
493 2639 638 2710 copiarum
662 2636 895 2713 (1555110000)
917 2638 1086 2708 naviumque
1108 2636 1214 2707 (500),
1233 2637 1282 2708 qui
1302 2653 1327 2694 5.
1346 2638 1385 2694 43

240 2739 394 2810 invenitur,
416 2738 519 2794 nimius
541 2737 653 2796 videtur
675 2753 739 2796 esse
760 2743 847 2810 atque
869 2737 941 2795 adeo
963 2735 1155 2803 incredibilia,
1183 2736 1232 2806 qui
1253 2735 1388 2808 scriptori

243 2852 291 2896 res
311 2837 349 2895 ad
370 2837 481 2896 animos
505 2836 688 2895 delectandos
710 2840 829 2911 augenti
842 2842 927 2908 atque
942 2836 1096 2894 exornanti
1117 2836 1209 2909 magis
1224 2837 1386 2893 conveniat.

242 2937 344 3011 ltaque
364 2938 411 2997 hic
431 2954 544 3011 quoque
566 2938 653 2994 alium
675 2953 761 3010 qnam
782 2954 960 2996 communem
985 2937 1064 2993 illum
1080 2940 1228 2995 auctorem
1240 2935 1389 2994 Plutarchi

243 3040 439 3111 agnoscimus,
464 3040 511 3110 qui
534 3040 596 3111 quis
618 3037 714 3106 fuerit,
737 3035 813 3095 infra
833 3039 911 3095 locus
934 3038 989 3095 erit
1011 3035 1189 3107 anquirendi.

284 3631 299 3690 ἓ
317 3627 343 3679 4.
379 3625 562 3685 Quaeritur,
581 3624 654 3684 quis
671 3623 771 3673 fuerit
788 3624 902 3672 auctor
919 3620 975 3670 ille
994 3619 1169 3672 communis
1187 3618 1355 3670 Plutarchi

723 3712 755 3759 et
772 3707 915 3759 Diodori.

331 3839 400 3910 Iam,
424 3855 487 3896 cum
509 3855 544 3895 ex
566 3838 616 3907 eis,
640 3853 712 3909 quae
732 3835 826 3894 adhuc
848 3834 1068 3907 disputavimus,
1103 3832 1235 3904 consequi
1260 3832 1393 3892 videatur

248 3938 433 3998 Plutarchum
455 3944 484 3997 et
505 3937 678 3997 Diodorum·
692 3939 722 3994 in
742 3937 888 4010 plerisque
917 3950 1004 3991 unum
1035 3932 1212 4004 eundemque
1244 3935 1394 3991 auctorem
1440 3998 1442 4011 Ι

249 4046 362 4100 secutos
384 4056 453 4108 esse,
475 4019 681 4112 discrepantias
703 4042 798 4096 autem
814 4052 886 4108 quae
907 4036 984 4092 iuter
1005 4049 1054 4091 eos
1074 4033 1228 4105 scriptores
1246 4031 1394 4093 invenian-

249 4149 306 4214 tm,
328 4142 417 4200 multo
439 4140 556 4198 minoris
578 4155 639 4198 esse
658 4136 803 4210 momenti,
817 4139 916 4203 restat,
939 4139 970 4193 ut
990 4134 1184 4206 anquiramuS,
1207 4131 1269 4203 quis
1289 4137 1395 4190 auctor

250 4244 299 4301 ille
320 4241 419 4301 luerit.
462 4240 505 4298 Ac
526 4242 583 4299 iam
607 4256 694 4312 supra
716 4239 777 4296 eius
798 4235 959 4295 sententiae
980 4234 1154 4293 mentionem
1176 4228 1311 4300 fecimus,
1335 4249 1395 4305 qua

251 4343 306 4400 viri
327 4342 404 4402 docti
421 4341 582 4400 Diodorum
602 4341 632 4397 in
654 4338 740 4398 rebus
761 4341 826 4410 post
836 4335 995 4395 Alexandri
1006 4339 1126 4391 mortem
1145 4331 1231 4404 gestis
1252 4346 1393 4390 enarran-

250 4441 293 4502 dis
315 4440 376 4501 fere
390 4459 425 4501 ex
437 4441 663 4511 Hieronymi
683 4438 818 4497 Cardiani
840 4429 962 4494 historia
974 4450 1053 4493 suam
1065 4432 1234 4491 relationem
1255 4432 1395 4502 petivisse
1440 4514 1442 4535 1
