3250 5109
732 435 880 521 ...12

238 633 351 709 opinati
372 635 451 705 sunt;
476 649 562 708 quam
584 633 754 691 sententium
775 648 840 689 cunr
860 630 1090 703 comprobemuS,
1125 629 1269 689 commode
1292 646 1380 702 quae·

240 736 317 806 dam,
341 732 441 805 quibus
464 750 497 791 ea
518 732 657 797 firmetur,
679 730 839 790 afferemus.
863 730 991 788 Primum
1006 731 1090 802 enim,
1115 729 1190 802 qnod
1201 728 1285 789 Diod.
1298 730 1378 800 XIX,
1397 800 1399 805 Ι

241 837 301 893 100
328 834 424 892 verbis
453 829 503 890 ἐπὶ
525 829 584 906 μὲν
608 822 730 902 ταύτης
762 830 874 904 (agitur
895 830 931 888 de
952 831 1079 902 pecuniis
1103 848 1139 889 ex
1160 829 1298 889 bitumine
1319 832 1379 889 exi·

238 930 354 1008 gendis)
373 927 486 1008 ἔταξεν
506 922 691 1010 Ἱερώνυμον
712 920 769 989 τὸν
790 919 853 997 ταῖς
876 926 1029 1007 ἱστορίας
1051 919 1299 1014 συγγράψαντα
1316 948 1380 991 enm

239 1037 333 1092 virum
355 1051 439 1094 omne
461 1035 588 1092 bitumen
609 1051 625 1093 e
645 1034 710 1092 lacu
732 1048 889 1104 congerere
918 1034 1026 1090 iussum
1057 1049 1119 1091 esse
1151 1034 1280 1104 scripsit,
1313 1033 1380 1091 inde

240 1136 353 1209 opinari
374 1135 442 1192 licet
463 1136 683 1206 Hieronymum,
716 1148 885 1206 quamquam
917 1149 965 1192 res
988 1134 1015 1191 ei
1035 1132 1173 1191 mandata
1194 1148 1296 1205 parum
1318 1149 1381 1191 suc·

239 1229 336 1300 cessit,
358 1236 461 1309 omnia,
494 1251 565 1305 quae
587 1233 749 1291 necessaria
770 1238 880 1300 essent,
912 1237 962 1290 out
991 1233 1079 1290 oculis
1110 1234 1169 1290 suis
1200 1233 1381 1291 collustrasse

240 1342 291 1394 aut
313 1334 350 1419 ab
370 1335 472 1393 incolis
494 1340 692 1407 percontatum
715 1349 784 1392 esse.
836 1332 936 1406 Neque
958 1331 1065 1404 dubito,
1088 1334 1165 1405 quin,
1188 1349 1261 1406 quae
1283 1338 1312 1390 et
1332 1333 1381 1390 illo

239 1436 303 1494 loco
315 1434 445 1503 Diodori,
468 1435 595 1507 quamvis
616 1450 674 1492 non
697 1439 729 1490 ut
751 1435 876 1492 auctoris
897 1434 984 1504 ipsius
995 1433 1178 1504 narrationis
1201 1434 1260 1492 eius
1274 1434 1382 1492 mentio

241 1536 282 1602 fit,
316 1542 347 1594 et
380 1535 506 1593 eiusdem
538 1535 606 1593 libri
626 1551 650 1592 c.
673 1536 712 1592 98
745 1539 775 1591 et
798 1536 836 1592 99
869 1535 1011 1592 invenitur
1043 1534 1157 1607 eopiosa
1189 1537 1382 1604 accurateque

241 1636 321 1694 lacus
343 1634 524 1707 Asphaltitae
546 1633 711 1709 descriptio,
733 1635 787 1707 ipsi
801 1625 978 1706 Hieronymo
1001 1634 1184 1694 attribuenda
1205 1635 1243 1691 sit
1260 1631 1291 1708 ¹).
1326 1633 1387 1693 Nec

241 1737 336 1793 minus
358 1735 478 1792 alteram
500 1734 697 1792 narrationem
717 1732 892 1792 uberrimam
914 1730 1006 1804 (XlX,
1030 1730 1099 1808 94),
1123 1735 1152 1792 in
1173 1750 1230 1807 qua
1251 1735 1286 1793 de
1308 1733 1383 1792 Ara·

242 1835 311 1892 bum
332 1832 461 1890 moribus
487 1834 620 1905 victuque
653 1834 762 1906 agitur,
794 1839 824 1891 et
854 1835 946 1906 ipsam
968 1849 1003 1890 ex
1034 1833 1108 1892 libro
1139 1834 1290 1892 oriundam
1323 1849 1386 1892 esse

243 1937 368 2004 oportet,
392 1948 476 2004 quem
498 1933 546 2004 qui
568 1932 691 2006 scripsit,
713 1934 781 1991 istas
802 1949 850 1991 res
871 1933 944 1991 bene
965 1938 1099 2004 noverat,
1131 1949 1200 2006 quas
1221 1933 1297 1992 haud
1319 1950 1385 2006 gru-

244 2038 310 2089 vate
331 2030 491 2103 putabimus
512 2048 577 2089 eum
598 2034 773 2105 comperisse
794 2032 987 2107 expeditionis
1008 2034 1147 2092 Demetrii
1168 2035 1197 2092 in
1222 2033 1387 2092 Nabataeos

242 2130 338 2189 iactae
360 2133 476 2189 socium.
521 2132 615 2204 Quare
649 2133 735 2191 etiam
766 2133 797 2189 in
818 2135 862 2192 his
892 2133 1068 2206 exponendis
1090 2117 1249 2192 Diodorum
1271 2132 1388 2192 Cardia·

243 2250 310 2291 num
332 2233 413 2290 illum
433 2238 578 2290 auctorem
600 2239 728 2292 secutum
750 2249 810 2293 esse
833 2233 995 2306 suspiceris.
1019 2232 1102 2291 Adde
1124 2233 1199 2305 quod
1211 2233 1295 2291 Diod.
1307 2233 1387 2306 XIX,

242 2336 281 2390 82
304 2333 445 2390 Demetrii
467 2333 540 2390 aciei
561 2333 691 2406 singulae
712 2348 758 2391 res
780 2334 990 2402 describuntur,
1013 2333 1171 2392 Ptolemaei
1193 2330 1230 2406 (c.
1251 2331 1303 2405 83)
1325 2334 1389 2391 nni·

244 2448 328 2490 verse
349 2436 464 2489 tantum
486 2434 593 2490 mentio
614 2431 647 2490 fit
661 2437 691 2490 et
711 2434 762 2499 ita,
783 2437 825 2503 ut,
847 2438 973 2506 quantae
987 2435 1132 2491 exercitus
1152 2437 1249 2504 partes
1270 2432 1388 2505 fuerint,

242 2548 300 2590 non
321 2537 522 2604 cognoscatur.
567 2531 724 2602 Quaeres,
748 2531 869 2592 Diodori
902 2533 1009 2592 fontem
1041 2534 1128 2591 talem
1159 2539 1192 2591 ut
1220 2537 1388 2603 statuamus,

243 2633 330 2704 cogit,
354 2633 401 2703 qui
411 2634 594 2708 accuratius,
617 2649 689 2705 quae
709 2630 747 2690 ad
758 2633 934 2706 Antigonum
957 2636 1074 2707 eiusque
1095 2634 1281 2706 propinquos,
1304 2649 1389 2705 qnam

242 2747 317 2803 quae
337 2732 375 2789 ad
398 2732 468 2790 alios
488 2748 574 2805 reges
595 2733 798 2808 pertinebant,
832 2735 1009 2806 respexerit3
1045 2735 1093 2806 qui
1115 2735 1264 2806 quominus
1285 2734 1389 2791 Hiero·

242 2848 345 2904 nymus
355 2825 382 2902 ²)
404 2829 500 2906 fuerit,
521 2832 594 2889 nihil
616 2832 722 2892 obstat.
772 2833 852 2891 ldem
882 2834 916 2892 de
946 2833 1031 2892 Diod.
1057 2834 1122 2900 XX,
1146 2831 1388 2891 carrucandum

244 2939 298 3004 est,
321 2932 371 2991 ubi
392 2932 428 2990 de
442 2935 586 2992 Demetrii
606 2934 667 2991 acie
691 2933 727 2991 ad
747 2934 891 3005 proelium
911 2934 1014 2992 navale
1035 2935 1176 2991 instructa
1197 2933 1329 3004 plurima,
1353 2931 1388 2991 de

243 3031 400 3091 Ptolemaei
421 3033 591 3105 paucissima
612 3029 701 3090 verba
722 3031 803 3090 fiunt.
857 3031 976 3091 Accedit
1005 3033 1080 3104 quod
1107 3049 1173 3090 cum
1200 3033 1389 3107 pugnantium

245 3132 381 3207 omnium,
418 3137 478 3190 tum
507 3133 647 3191 Demetrii
679 3134 767 3206 ipsius
798 3129 937 3190 fortitudo
969 3148 1075 3190 summo
1107 3131 1200 3190 studio
1236 3133 1389 3204 exponitur

244 3237 332 3305 atque
353 3233 412 3300 ita,
435 3238 467 3290 ut
487 3230 549 3290 fere
570 3249 630 3290 rem
651 3233 741 3304 ipsam
763 3232 827 3306 geri
848 3231 954 3290 videas.
997 3230 1127 3305 Denique
1150 3231 1235 3290 Diod.
1250 3232 1331 3302 XIX,
1348 3235 1385 3290 81

245 3331 386 3391 Demetrii
408 3332 494 3390 animi
515 3334 633 3390 virtutes
656 3339 685 3390 et
706 3334 801 3405 gratia
823 3332 970 3404 popularis
991 3349 1049 3391 non
1070 3334 1131 3391 sine
1154 3346 1257 3405 magno
1290 3331 1385 3390 studio

183 3482 186 3489 .
247 3447 407 3506 magnaque
426 3433 614 3491 admiratione
637 3422 847 3505 depinguntur3
880 3433 956 3504 quod
977 3449 1040 3490 cum
1061 3450 1079 3491 a
1101 3431 1227 3505 quolibet
1247 3434 1387 3504 scriptore
1412 3509 1414 3513 Ι

246 3531 309 3611 fieri
329 3534 455 3606 potuisse
481 3532 564 3591 facile
597 3531 770 3603 concedam,
804 3537 899 3591 tamen
931 3550 994 3590 earn
1016 3533 1236 3605 descriptionem
1257 3548 1292 3590 ex
1313 3532 1387 3590 libro

320 3832 341 3900 1)
360 3831 535 3887 Confirmatur
552 3845 584 3884 ea
602 3831 729 3885 sententia
746 3833 938 3900 comparatione
954 3829 1059 3884 Diodori
1083 3823 1241 3884 narrationis
1268 3830 1390 3885 instituta

182 3906 185 3911 ¹
245 3935 306 3974 cum
324 3917 474 3986 fragmento
492 3916 604 3983 quodam
621 3917 787 3986 Hieronymi,
816 3917 883 3985 quod
909 3918 963 3971 iam
990 3915 1100 3985 Heyne
1125 3915 1157 3970 de
1184 3915 1299 3970 fontibus
1326 3916 1387 3970 nist.

245 4004 356 4063 Diodori
374 4020 465 4059 comm.
485 4003 512 4056 II
531 4003 570 4070 (in
587 4002 734 4057 Dindorl
738 4004 763 4057 ii
781 4001 822 4058 ed.
840 4002 949 4058 Diodori
961 4002 983 4071 Ι,
1001 4018 1028 4069 p.
1038 4001 1188 4070 LXXVIII,
1208 4002 1272 4068 nil)
1290 4001 1388 4055 allulit:

245 4081 400 4164 Ἱερώνυμος
427 4087 567 4162 ἱστόρησεν
593 4092 619 4140 ἐν
643 4091 678 4164 τῇ
701 4091 866 4160 Ναβαταίων
887 4086 968 4161 χαίροι
990 4089 1044 4139 τῶν
1064 4078 1180 4158 Ἀράβων
1206 4076 1272 4138 εἶναι
1295 4089 1389 4159 λίμνην

245 4169 351 4249 πικράν,
370 4181 398 4228 ἐν
415 4165 433 4251 ᾖ
451 4168 507 4230 οὔτ’
527 4170 616 4246 ἰχθῦς
635 4167 691 4227 οὔτ’
710 4160 778 4228 iulo
791 4196 819 4228 τι
836 4178 890 4229 τῶν
908 4172 1022 4247 ἐνύδρων
1040 4164 1111 4242 ζῴον
1126 4175 1261 4245 γίνεσθαι,
1281 4164 1389 4242 ἀσφάλ-

245 4283 297 4317 του
311 4263 341 4317 δὲ
350 4265 484 4326 πλίνθους
499 4257 528 4330 ἐξ
537 4253 622 4332 αὐτῆς
635 4264 764 4334 αἴρεσθαι
780 4254 832 4314 dcci
844 4265 898 4316 τῶν
913 4264 1069 4334 ἐπιχωρίαν.
1087 4260 1127 4314 Of.
1141 4260 1243 4314 Reuss
1252 4276 1279 4327 p.
1290 4259 1340 4314 103
1350 4275 1389 4328 sq.

320 4352 340 4420 'y
358 4350 438 4418 Quem
456 4351 540 4404 virum
557 4351 643 4418 ipsum
659 4363 764 4419 pugnae
781 4348 930 4406 interfuisse
947 4348 1116 4418 probabiliter
1127 4347 1235 4401 coniecit
1246 4346 1388 4402 Brueck·

181 4464 184 4471 ·
248 4453 305 4493 ner
323 4439 363 4506 (p.
380 4437 451 4505 269).

199 4554 203 4559 .
1259 4529 1295 4566 «μ
