3250 5109
301 590 372 671 99),
405 593 525 653 eundern
547 590 689 652 derebus
717 591 827 651 bellicis
848 592 964 652 uberius
995 597 1025 650 et
1056 598 1190 652 accurate
1211 593 1363 654 tradidisse
1385 591 1438 672 [cf.

229 678 237 690 '
299 692 380 768 xix,
406 695 444 751 01
467 709 518 766 sq,
540 693 605 762 xx,
629 693 677 763 50,
700 691 854 764 descriptio
874 692 942 750 eeu
972 708 1036 751 eum
1066 690 1186 751 necans
1215 691 1302 766 gese)
1332 708 1439 768 cogno-

301 796 399 852 vimus.
443 792 522 864 Quae
542 808 589 850 res
609 790 715 864 efficit,
744 798 776 850 11
796 792 883 851 facile
903 793 933 851 in
957 809 1020 851 earn
1047 793 1251 864 cogitationem
1279 792 1440 853 incidamus

301 894 478 966 Hieronymo
498 909 593 951 rerum
608 895 784 965 experientia
804 893 911 966 insigni
931 893 973 950 uti
994 892 1108 950 licuisse
1122 892 1334 968 commentariis
1345 892 1441 964 publi-

301 996 341 1052 cis
357 992 386 1066 ¹),
409 1009 480 1065 quae
502 993 532 1050 in
554 992 625 1051 aulis
647 991 804 1051 Alexandri
825 984 1033 1064 successorum,
1065 1007 1122 1064 qua
1141 992 1171 1048 in
1192 1008 1224 1049 re
1246 997 1276 1048 01
1294 993 1356 1065 ipsa
1377 994 1456 1050 eius.

301 1095 378 1167 regis
401 1092 561 1163 exemplum
581 1091 777 1161 imitabantur,
799 1093 934 1152 ridentur
954 1108 1011 1150 non
1034 1091 1159 1151 defuisse
1181 1091 1231 1162 (cf.
1246 1091 1321 1150 ΡΙ11.
1336 1092 1443 1165 Pyrrh.

302 1208 328 1250 0.
350 1194 399 1263 21,
422 1191 506 1265 Paus-
527 1191 550 1262 Ι,
575 1194 621 1262 12,
646 1193 674 1262 2,
697 1192 816 1263 Dionys
840 1189 907 1249 Hal.
930 1191 996 1256 XX,
1019 1189 1074 1264 frg.
1089 1193 1127 1248 10
1149 1185 1193 1249 e‘d.
1216 1191 1334 1264 Kressl,
1355 1189 1442 1251 Diod.

300 1292 353 1361 ΙΙΙ,
377 1291 441 1362 38).
468 1289 635 1360 Ρ10010101,
657 1295 690 1348 11
710 1307 825 1364 pugnae
846 1291 922 1362 apud
944 1289 1052 1348 Gazam
1074 1291 1243 1348 commissae
1265 1306 1329 1348 eum
1348 1291 1443 1362 ipsum

300 1391 463 1452 interfuisse
485 1390 695 1448 Brueckner
729 1389 767 1464 (p.
790 1387 864 1465 260)
892 1392 1030 1461 00110011,
1063 1392 1105 1449 ite
1138 1390 1260 1449 eundem
1293 1392 1323 1448 in
1344 1392 1444 1451 multis

301 1491 528 1565 expeditionibus
549 1490 689 1548 Demetrii
712 1492 844 1549 comitem
864 1487 951 1548 tuisse
972 1491 1043 1548 sumi
1064 1496 1168 1562 potest.

383 1590 444 1649 Iam
476 1590 516 1647 eis
547 1590 617 1658 niel,
659 1602 731 1660 quae
766 1590 796 1646 in
833 1587 951 1646 Diodori
992 1594 1021 1646 et
1060 1587 1209 1647 Plutarchi
1252 1589 1442 1648 relationibus

302 1689 439 1748 historiae
461 1688 521 1746 eius
542 1687 782 1758 adiudicavimm,
816 1704 1002 1759 quaeramus,
1035 1692 1095 1760 qua'
1118 1688 1175 1748 fide
1196 1690 1391 1762 Hieronymus
1411 1692 1443 1748 in

302 1788 455 1848 scribendo
479 1788 612 1846 adversus
632 1784 761 1845 fautores
782 1788 878 1860 regios
898 1803 965 1845 usus
986 1789 1039 1858 sit,
1062 1805 1129 1847 num
1152 1790 1214 1847 sine
1236 1790 1280 1854 tra
1301 1795 1330 1848 et
1351 1790 1445 1848 studIo

302 1889 459 1948 decorum
483 1887 655 1946 adversariis
685 1888 805 1960 aliisque
834 1885 949 1962 regibus
966 1889 1102 1948 iudicarit
1122 1907 1176 1963 au,
1207 1906 1269 1948 cum
1291 1890 1446 1963 Antigouis

300 1990 507 2061 Demetrioque
529 1989 593 2062 plus
615 2005 707 2061 aequo
728 1989 847 2060 faveret,
869 1993 902 2046 11
915 1990 1066 2047 veritatem
1088 1989 1262 2062 neglegeret,
1285 1993 1444 2046 commotus

301 2090 347 2148 sit.
390 2089 485 2160 Atque
507 2088 611 2147 iudicia
633 2086 818 2161 quidemeius
841 2087 877 2146 de
901 2089 964 2146 aliis
986 2088 1101 2167 regibus
1123 2104 1215 2159 aequa
1238 2093 1267 2144 01
1288 2088 1365 2144 iusta
1386 2103 1445 2145 nou

302 2191 401 2248 deesse
432 2188 462 2245 hi
490 2188 546 2246 loci
573 2192 734 2246 testantur:
767 2187 853 2247 Diod.
876 2189 958 2261 XIX,
991 2189 1153 2258 510106,
1187 2181 1444 2258 Ι)0111.0.5(111

301 2289 459 2348 Ptolemaei
479 2288 601 2345 vlrtutes
623 2282 801 2358 laudantur),
824 2287 911 2347 Diod.
926 2287 991 2360 XX,
1016 2289 1073 2345 106
1097 2285 1160 2361 (ubi
1179 2285 1364 2359 praedicatur
1385 2285 1443 2357 Ly-

302 2386 562 2458 ermenhidam),
584 2389 622 2447 id.
644 2386 725 2454 XIX,
749 2390 797 2460 90,
821 2391 869 2460 91,
895 2391 932 2446 02
965 2384 1029 2466 (ubi
1053 2385 1165 2445 Seleuci
1186 2386 1347 2444 hnmanitas
1368 2399 1444 2442 com-

302 2488 499 2553 memoratur).
521 2487 633 2546 Deinde
654 2489 785 2548 fortunas
809 2495 838 2547 01
858 2488 1066 2547 vicissitudines
1086 2486 1227 2560 Antigoni
1247 2484 1445 2556 Demetriique

303 2588 424 2646 eundem
446 2589 568 2646 maxime
589 2589 721 2660 persequi
743 2594 830 2661 atque
851 2589 933 2646 huius
962 2593 991 2645 et
1012 2587 1101 2644 animi
1121 2594 1151 2644 01
1173 2585 1303 2656 eorporis
1325 2585 1446 2642 11111100

302 2704 361 2746 101
385 2688 471 2745 semel
493 2687 658 2759 praedicare
679 2689 771 2760 primo
794 2689 892 2747 statim
914 2686 1019 2746 obtutu
1040 2690 1162 2759 apparet
1183 2684 1233 2756 (01.
1255 2684 1340 2744 Diod.
1362 2685 1442 2749 XIX,

305 2789 341 2846 81
367 2787 466 2857 0185,
490 2786 555 2856 XX,
578 2788 616 2844 52
639 2785 982 2864 0192,1)011.0.2,’0,
1008 2791 1054 2860 17,
1076 2791 1125 2858 20,
1150 2789 1198 2858 30,
1220 2788 1267 2854 31,
1291 2782 1356 2856 39).
1385 2785 1447 2843 Neo

304 2895 399 2948 tamen
421 2888 544 2945 eundem
565 2888 743 2962 scriptorem,
759 2905 833 2960 quae
854 2890 946 2948 minus
968 2888 1044 2946 bona
1064 2888 1213 2947 Demetrio
1232 2887 1349 2958 eiusque
1370 2887 1446 2957 patri

303 2989 448 3062 inessent,
474 3003 590 3059 prorsas
622 2988 735 3048 silentio
757 2989 941 3061 praeteriisse
963 3006 998 3046 ex
1023 2989 1167 3047 nonnullis
1188 2987 1259 3045 locis
1281 2991 1377 3055 certo,
1411 3004 1446 3045 ex

305 3087 368 3144 aliis
388 3085 576 3157 probabiliter
596 3087 766 3146 concludere
787 3089 863 3147 11001.
899 3089 973 3147 Nam
988 3089 1073 3148 Diod.
1090 3089 1169 3158 XXI,
1192 3088 1247 3162 lrg.
1274 3092 1342 3171 11,
1362 3085 1445 3145 Dem.

305 3203 329 3244 0.
352 3189 392 3245 28
415 3185 604 3257 exprobratur
625 3188 771 3263 Antigono
792 3190 881 3248 nimia
901 3190 1052 3261 potestatis
1080 3193 1110 3246 et
1131 3189 1271 3262 regnandi
1294 3172 1445 3261 orphitas,

305 3303 360 3359 qua
382 3287 444 3344 sola
464 3303 586 3359 regnum
615 3289 892 3363 suumperdideri13
921 3290 1048 3361 1101111110
1076 3282 1247 3360 πλεονεξία
1268 3286 1337 3343 vitio
1360 3283 1447 3343 datur

306 3387 397 3446 eidem
418 3386 503 3446 Diod.
526 3388 590 3457 XX,
616 3392 682 3460 106,
711 3388 771 3447 filio
794 3391 856 3447 eius
877 3389 958 3461 XXI,
981 3387 1036 3461 irg.
1064 3389 1114 3444 20.
1165 3389 1225 3445 Nec
1254 3387 1345 3442 minus
1366 3383 1449 3442 Anti·

307 3504 382 3561 gono
404 3489 516 3560 saepius
535 3488 657 3547 obicimr
678 3474 850 3566 τραχύτης
883 3488 979 3563 (Diod.
1002 3489 1084 3559 XIX,
1107 3488 1163 3557 57,
1192 3484 1259 3556 XX,
1282 3485 1331 3554 82,
1364 3483 1447 3543 Dem.

308 3605 332 3646 0.
355 3584 418 3658 28).
440 3586 561 3646 Accedit
582 3589 658 3661 quod
679 3588 763 3648 Diod.
786 3590 867 3664 XIX,
892 3590 950 3646 100
972 3588 1152 3661 vituperatio,
1176 3603 1261 3659 quam
1282 3585 1448 3643 Demetrius

307 3692 428 3757 epatre
450 3687 546 3753 subiit,
569 3693 824 3759 commemoratum
847 3690 892 3746 cui
914 3689 977 3747 loco
992 3689 1074 3746 Dem.
1090 3704 1114 3744 c.
1127 3690 1177 3757 40,
1199 3685 1246 3744 ubi
1266 3686 1349 3756 idem,
1373 3686 1449 3756 quod

308 3787 413 3845 milites
436 3784 545 3845 frustra
564 3787 677 3861 perdat,
700 3788 919 3859 reprehenditur
939 3804 957 3845 a
978 3787 1053 3859 filio,
1084 3786 1200 3860 adiungi
1220 3787 1334 3845 videtur
1354 3800 1448 3856 posse.

307 3885 420 3945 Pariter
441 3881 628 3959 Hieronymo
660 3888 743 3945 Dem.
766 3906 789 3946 0.
812 3890 852 3945 29
885 3888 988 3959 verba,
1022 3887 1124 3961 quibus
1158 3887 1321 3946 Demetrius
1352 3883 1451 3942 hostes

311 4047 398 4053 ..—--.-
406 4049 410 4052 .
421 4047 507 4054 ——-.-

378 4134 399 4202 ¹)
424 4133 610 4202 Hieronymum
633 4134 728 4203 Pyrrhi
750 4127 938 4209 dnoprp'para
965 4133 1096 4206 βασιλικά
1119 4134 1271 4191 adhibuisse
1293 4133 1453 4201 intellegitur

308 4236 341 4275 ex
359 4221 429 4275 ΡΙ11.
446 4221 539 4289 Pyrrh.
559 4236 581 4275 c.
599 4222 641 4275 21.
685 4219 805 4277 Eundem
829 4223 956 4276 Demetrii
979 4225 1062 4291 patris
1080 4222 1270 4277 commentariis
1292 4236 1367 4276 usum
1391 4235 1449 4274 esse

308 4309 362 4363 iarn
382 4309 533 4377 Droysen
559 4308 590 4378 (I,
609 4308 670 4377 1110)
697 4310 813 4363 coniecit.
859 4311 938 4364 Plura
968 4326 1037 4364 nunc
1064 4309 1136 4364 dedit
1162 4309 1267 4363 Reuss
1293 4325 1318 4375 p.
1338 4305 1380 4375 82,
1404 4305 1448 4368 84,

308 4395 368 4450 aliis
385 4395 455 4449 locis.
