3250 5109
697 404 703 417 ’
738 531 762 535 „.
791 452 833 537 re
865 531 885 535 ,,

237 653 316 713 diam
338 655 458 725 excepta
479 651 637 717 Mantinea,
661 647 763 706 deiude
785 646 932 720 Argolidis
961 654 1081 722 partem,
1103 663 1175 720 quae
1196 647 1269 708 Acte
1290 651 1380 709 nomi·

240 749 375 823 nubatur,
397 751 546 824 Argosque
568 763 753 822 expugnasse.

324 852 402 923 Iam,
435 849 511 922 quod
539 865 556 906 a
585 847 741 907 Plutarcho
772 849 869 914 (022
893 851 950 914 ex.)
978 848 1182 924 Athenienses,
1213 833 1382 910 Ι00101010
1414 923 1418 930 ι

238 950 321 1025 (XX,
345 949 398 1022 99)
420 950 587 1008 Aetolorum
607 949 706 1022 legati,
728 954 759 1006 ut
773 947 878 1006 Rhodii
901 965 965 1006 cum
985 948 1116 1008 hostibus
1137 951 1167 1008 in
1189 951 1313 1024 gratiam
1335 967 1382 1009 re·

243 1051 347 1123 diruat,
368 1046 519 1123 perfecisse
540 1047 679 1114 feruntur,
695 1064 757 1105 eam
771 1048 864 1106 minus
886 1049 1108 1121 discrepantiam
1130 1047 1215 1123 quam
1235 1049 1384 1111 Plutarchi

172 1158 177 1165 '
242 1166 370 1210 errorem
392 1165 452 1208 esse
467 1153 567 1220 aperte
582 1149 701 1208 alterius
722 1149 871 1220 scriptoris
892 1149 994 1207 relatio
1016 1148 1128 1207 videtur
1150 1151 1314 1212 ostendere.
1348 1151 1383 1209 In

238 1268 277 1311 ea
299 1252 373 1309 enim
394 1253 463 1308 0010
474 1248 644 1308 Aetolorum
659 1249 812 1306 adventum
824 1247 873 1306 alii
884 1248 972 1322 legati
982 1254 1178 1307 memorantur
1189 1249 1267 1324 (XX,
1281 1248 1332 1325 98)
1348 1252 1384 1310 10

243 1368 313 1425 paee
324 1350 361 1408 ad
370 1349 548 1408 Demetrium
560 1350 637 1407 missi
649 1348 685 1407 ah
700 1347 816 1407 urbibus
825 1346 950 1419 Graecis,
966 1336 1089 1407 manime
1101 1348 1137 1407 ab
1145 1348 1383 1422 Atheniensibus3

244 1452 293 1524 qui
306 1454 339 1509 ut
351 1466 385 1508 ea
401 1465 494 1522 causa,
509 1466 581 1522 quae
593 1448 759 1508 11001023
774 1449 836 1506 init.
854 1454 1101 1521 commemoratur,
1110 1437 1226 1508 adducti
1240 1452 1307 1523 sint,
1323 1451 1387 1511 fieri

243 1556 348 1624 potest.
364 1550 465 1623 Itaque
487 1549 564 1608 haud
583 1550 641 1608 scio
656 1565 693 1607 an
708 1547 889 1615 Plutarchus,
911 1549 959 1620 qui
972 1547 1191 1609 Atheniensium
1212 1552 1386 1610 mentionem

243 1649 320 1717 fecit,
333 1636 399 1709 'cum
413 1649 595 1708 festinantius
611 1649 759 1720 scriberet,
783 1647 952 1707 Aetolorum
967 1647 1071 1708 oblitus
1093 1651 1138 1708 sit.
1167 1647 1306 1710 Similiter
1326 1650 1384 1710 alio

168 1776 176 1829 ⁴.
245 1751 307 1809 loco
330 1749 479 1808 Plutarchi
499 1750 585 1807 solius
607 1747 789 1823 neglegentia
812 1747 923 1817 effecit,
950 1752 983 1806 ut
1010 1744 1114 1807 relatio
1143 1749 1204 1808 eius
1225 1765 1243 1808 a
1264 1750 1386 1810 Diodori

238 1851 432 1924 discreparet.
454 1848 629 1908 Etenimille
643 1865 668 1906 c.
681 1849 697 1905 5
711 1849 773 1906 init.
794 1847 885 1905 filium
907 1846 942 1906 ab
965 1846 1120 1925 Antigona,
1143 1854 1296 1923 postquam
1315 1849 1386 1909 Pto-

239 1951 385 2008 lemaeum
408 1950 521 2020 Syriam
543 1950 677 2021 populari
698 1948 859 2020 audivisset,
882 1964 918 2005 ex
938 1947 1065 2021 Phrygia
1086 1948 1164 2008 hosti
1185 1947 1298 2009 obviam
1319 1951 1387 2008 mis·

238 2067 305 2108 :sum
326 2066 390 2108 esse
413 2048 450 2123 (a.
473 2046 545 2121 312)
565 2049 664 2108 tradit.
708 2032 798 2120 Atqui
820 2063 865 2105 res
887 2065 905 2106 a
925 2047 1073 2107 Demetrio
1101 2055 1197 2122 gestas
1227 2051 1389 2123 exponendi

243 2150 357 2208 initium
378 2147 531 2208 facientem
552 2131 618 2208 eum
637 2164 740 2222 parum
769 2153 905 2207 accurate
934 2151 1075 2207 communi
1104 2147 1183 2209 fonte
1211 2167 1294 2208 usum
1325 2165 1389 2210 esse

244 2250 420 2323 intellegitur
451 2265 486 2308 ex
509 2248 593 2308 Diod.
615 2249 683 2325 XX,
707 2249 746 2306 69
766 2254 795 2307 01
817 2251 866 2315 80,
897 2247 947 2306 nbi
973 2247 1136 2322 Antigonus
1169 2249 1205 2308 ad
1239 2247 1387 2311 Celaenas.

246 2348 390 2422 Phrygiae
412 2347 521 2421 urbem,
544 2363 751 2423 progressurus
771 2345 810 2422 (a.
834 2347 906 2423 314)
929 2346 1020 2408 filium
1042 2349 1073 2406 in
1095 2347 1189 2423 Syria,
1214 2354 1246 2408 ut
1267 2366 1331 2408 eam
1352 2350 1389 2410 ab

243 2438 369 2522 impetu,
389 2465 474 2523 quem
498 2448 560 2508 fore
584 2448 799 2524 suspicabatur,
831 2448 991 2509 Ptolemaei
1013 2448 1196 2520 defenderet,
1228 2450 1390 2522 reliquisse,

245 2549 408 2607 Demetrius
438 2565 473 2606 ex
501 2565 535 2606 eo
565 2554 696 2621 ternpore
717 2551 746 2606 in
777 2549 943 2622 Goelesyria
971 2549 1161 2608 incursionem
1183 2548 1391 2623 Aegyptiorum

220 2683 222 2691 =
241 2651 414 2723 exspectare
437 2645 549 2705 dicitur.
578 2649 673 2721 Atque
693 2647 775 2706 error
797 2665 925 2707 errorem
947 2649 1071 2707 creavit:
1095 2666 1159 2707 cnm
1181 2650 1257 2708 enim
1280 2648 1390 2709 Diodo-

246 2764 296 2806 rus
316 2764 342 2805 a.
365 2749 426 2805 314
448 2747 551 2820 viginti
573 2748 643 2806 duos
666 2764 756 2807 anuos
778 2745 879 2806 riatum
899 2747 1079 2806 Demetrium
1100 2749 1135 2806 in·
1154 2748 1238 2821 Syria
1259 2751 1392 2810 relictum

239 2853 277 2906 -et
298 2864 323 2908 a.
348 2849 407 2906 312
430 2847 507 2920 apud
530 2848 637 2907 Gazam
659 2849 763 2906 victum
785 2862 846 2906 esse
867 2847 1040 2924 tradiderit,
1072 2847 1244 2909 Plutarchus
1272 2851 1392 2910 eundem

246 2949 310 3020 ipso
333 2965 417 3019 auno,
446 2964 502 3020 quo
526 2964 561 3007 ea
582 2963 679 3022 pugna
701 2947 907 3035 committitur,
921 2949 1052 3006 iuvenem
1073 2949 1174 3022 viginti
1197 2950 1319 3009 duorum
1340 2966 1392 3008 au·

248 3064 352 3133 norum
371 3048 498 3121 appellat
520 3063 562 3120 eo,
586 3049 662 3120 quod
685 3049 720 3107 de
744 3049 886 3107 Demetrii
907 3053 1003 3108 aetate
1025 3049 1054 3107 in
1082 3050 1225 3108 communi
1245 3047 1324 3108 fonte
1345 3065 1393 3107 re-

247 3146 339 3206 latum
373 3149 500 3214 invenit,
531 3155 641 3207 temere
675 3148 759 3208 000.
784 3147 951 3208 314010.
975 3149 1214 3219 3120000101ος
1250 3163 1323 3220 quae
1344 3164 1392 3206 res

246 3249 336 3306 etiam
357 3248 449 3322 magis
472 3253 594 3320 apparet
614 3251 780 3321 comparato
801 3244 927 3322 Appian.
950 3249 1013 3320 syr.
1034 3265 1058 3308 0.
1083 3249 1122 3306 54
1137 3248 1171 3320 ¹).

306 3352 309 3356 ’
332 3347 394 3405 lam
416 3346 451 3405 de
473 3347 673 3420 discrepantiis
693 3346 861 3420 quibusdam
886 3350 1056 3407 innumeris
1076 3349 1222 3419 utriusque
1243 3346 1393 3406 relationis

249 3444 340 3506 obviis
361 3463 487 3520 agamus.
509 3447 611 3520 Itaque
632 3448 764 3521 primum,
787 3449 864 3522 quod
879 3447 1051 3508 Plutarchus
1073 3449 1113 3517 (o.
1135 3445 1167 3521 5)
1188 3447 1266 3520 apud
1281 3445 1391 3508 Gazam

250 3546 395 3605 Demetrii
414 3547 560 3619 copiarum
582 3555 646 3606 octo
668 3548 757 3620 milia,
780 3549 924 3608 Diodorus
939 3547 1029 3621 (XIX,
1044 3542 1098 3624 85)
1120 3564 1207 3622 supra
1227 3553 1293 3610 octo
1312 3551 1393 3610 milia

247 3652 337 3719 capta
358 3664 419 3706 esse
439 3648 544 3719 tradit,
577 3649 681 3708 nullius
703 3650 841 3708 momenti
862 3654 920 3722 est3
955 3648 1087 3721 idemque
1119 3664 1238 3721 prorsus
1259 3649 1295 3708 de
1316 3666 1392 3708 mor·

242 3754 365 3805 tuorum
387 3749 511 3807 numeris
534 3748 719 3808 statuendum
739 3753 791 3807 est.
834 3747 897 3808 Nec
918 3749 1009 3820 magis
1037 3749 1068 3806 in
1099 3749 1299 3822 discrepantiis
1326 3766 1392 3808 cen-

323 3942 341 4010 1)
360 3943 457 3996 Parum
474 3948 545 3998 recte
573 3944 605 3998 10
635 3942 761 3998 Demetrii
786 3946 873 3996 aetate
900 3941 1042 3997 Mueller
1069 3944 1128 4014 (111,
1149 3944 1200 3998 100
1216 3949 1269 3997 001.
1287 3945 1303 4007 1
1321 3945 1346 4012 8,
1365 3945 1392 4012 2)

250 4028 317 4084 11011
334 4029 485 4097 Appianum
503 4036 531 4084 01
549 4030 717 4084 Plutarchum
741 4043 880 4097 congruere
904 4043 963 4082 cum
979 4028 1141 4100 Porphyrio,
1169 4031 1214 4099 qui
1231 4030 1394 4084 Demetrium

250 4131 277 4170 a.
305 4115 357 4168 312
383 4115 474 4183 viginti
502 4116 565 4169 duos
590 4131 674 4170 annos
700 4120 790 4169 natum
816 4113 912 4183 prodit.
961 4114 1013 4169 Sed
1039 4122 1069 4170 ut
1094 4116 1263 4170 Plutarchum
1289 4115 1317 4169 id
1343 4117 1395 4171 nisi

251 4216 339 4256 errore
356 4193 408 4256 non
433 4201 574 4257 tradidisse
591 4201 765 4271 cognovimus,
779 4202 818 4257 ita
835 4218 868 4257 ne
885 4202 1035 4271 Appianum
1054 4203 1161 4271 quidem
1178 4202 1210 4256 de
1228 4218 1253 4256 a.
1269 4202 1330 4264 312,
1348 4201 1395 4257 sed

252 4287 285 4342 10
302 4303 326 4342 0.
345 4288 397 4342 314
424 4304 503 4357 agero
521 4287 595 4343 docet
612 4287 773 4356 comparatio
790 4286 842 4345 loci
859 4289 914 4343 eius
932 4284 1031 4360 χωρῶν
1043 4319 1071 4327 -
1083 4283 1222 4360 Αἰγύπτου
1240 4304 1299 4342 oum
1316 4287 1394 4343 Diod.

252 4373 325 4439 XIX,
346 4376 380 4429 69
399 4371 541 4447 Ἀντίγονος
559 4411 603 4428 ...
621 4366 771 4448 Apud-sprot
792 4405 822 4414 —
843 4379 946 4427 εἴκοσιν.
972 4374 1032 4430 Nisi
1046 4374 1116 4442 quod
1132 4373 1238 4443 scripsit
1254 4374 1396 4444 Appianus

242 4448 365 4532 ,10101ζο
384 4477 472 4517 errore
489 4461 589 4530 ductus,
608 4461 677 4530 quod
695 4462 767 4531 apud
785 4463 884 4519 Gazam
901 4459 980 4530 paulo
998 4466 1058 4528 post
1074 4466 1219 4529 pugnatur.
