3250 5109
726 488 765 493 -
779 400 833 470 44,
924 460 927 467 ,

221 632 258 672 ex
278 599 369 685 parte.
392 611 417 667 si
442 609 508 682 quid
537 607 634 676 video,
651 599 812 681 'poetarum
842 609 1016 667 comicorum
1037 606 1160 681 opera'¹)
1182 607 1288 668 fautum
1310 617 1363 680 est,

223 715 271 787 qui
292 712 375 770 istius
396 711 450 768 viri
472 708 625 782 imaginem
647 707 820 780 depravasse
849 713 879 766 et
906 708 937 765 iu
965 709 1056 767 risum
1083 710 1202 767 vertisse
1222 711 1364 778 videntur,
1409 727 1411 731 ·

224 829 289 871 oum
310 815 369 885 aut,
394 807 566 883 quaefacta
587 814 683 876 eraut,
705 806 798 868 facete
820 808 945 867 ludibrio
967 808 1121 877 habereut,
1151 825 1224 881 quae
1244 809 1366 869 facetiae
1444 824 1446 829 ’

127 958 130 965 .
224 929 277 985 per
296 912 443 969 hommum
466 925 613 968 sermones
634 908 852 983 litterarumque
873 909 1075 968 historicarum
1095 915 1278 969 monumenta
1298 928 1367 983 pro-

223 1017 346 1086 pagatae
368 1016 444 1081 sunt,
467 1016 517 1069 aut
532 1010 619 1067 nimia
634 1015 663 1067 et
684 1009 864 1069 incredibilia
878 1010 1029 1083 lingerent,
1052 1027 1125 1082 quae
1139 1013 1247 1082 posteri
1262 1026 1366 1070 revera

222 1111 300 1172 faeta
322 1127 384 1170 esso
406 1108 600 1168 erediderunt.
643 1110 719 1168 Hine
738 1110 780 1182 fit,
803 1123 843 1183 ut,
867 1126 1014 1185 quousque
1028 1110 1172 1169 Demetrii
1191 1113 1268 1169 vitae
1289 1111 1364 1168 ratio

223 1227 290 1270 vere
310 1216 362 1269 aut
382 1209 454 1268 falso
477 1209 591 1281 depicta
612 1212 764 1270 memoriae
793 1213 831 1268 sit
851 1211 981 1284 prodita,
1012 1227 1086 1268 nuno
1116 1216 1250 1269 accurate
1279 1214 1366 1269 statui

223 1312 271 1370 vix
291 1310 391 1385 possit.

294 1506 314 1572 ¹)
331 1506 385 1560 Vix
403 1505 465 1558 huie
481 1505 595 1572 opinioni
611 1505 713 1574 obstat,
742 1506 811 1574 quod
829 1507 965 1575 exempla,
992 1521 1060 1574 quae
1086 1521 1119 1558 ex
1144 1503 1255 1578 eomlois·
1275 1503 1366 1556 afferri

224 1597 341 1662 possunt,
359 1593 444 1646 minus
461 1593 496 1646 ad
513 1593 674 1647 Demetrium
692 1595 792 1662 ipsum,
812 1609 890 1662 quam
906 1593 942 1647 ad
959 1593 1106 1646 adulatores
1124 1593 1179 1645 eius
1196 1597 1224 1645 et
1241 1589 1368 1644 amiculas

224 1680 365 1748 pertiuent,
383 1678 455 1732 velut
473 1679 638 1748 Philippides
655 1680 810 1737 Stratoclem
829 1680 873 1748 (ef.
890 1681 966 1734 Dem.
984 1696 1007 1734 e.
1018 1678 1053 1732 12
1070 1685 1097 1733 et
1105 1679 1147 1746 26,
1168 1677 1240 1733 Plut.
1257 1683 1368 1730 amator.

225 1784 252 1836 p.
269 1765 321 1821 750
338 1765 368 1833 f),
387 1765 496 1820 eundem
512 1772 539 1820 et
557 1766 677 1822 Lamiam
703 1768 798 1822 Maoho
826 1768 871 1837 (ef.
891 1768 986 1822 Athen.
997 1766 1076 1833 XIII,
1095 1783 1121 1834 p.
1140 1762 1217 1819 used
1235 1771 1263 1819 ot
1280 1761 1331 1818 577
1342 1761 1367 1829 e)

161 1900 166 1913 ,
225 1854 318 1908 illusit.

570 4421 648 4500 'repis
662 4418 1079 4492 ffivmaa'fidiaum‘ims
