3250 5109
790 394 827 449 21

323 593 417 664 Atque
438 609 502 650 oum
529 583 633 662 ἡτῶν
655 575 831 658 διαδόχων
853 583 988 664 ἱστορία
1015 588 1061 646 vel
1082 580 1101 659 ἡ
1121 586 1185 646 τῶν
1207 579 1383 662 διαδόχων
1445 617 1448 621 ’

237 689 296 751 καὶ
321 678 478 765 ἐπιγόνων
508 686 641 763 ἱστορία
655 689 678 759 ¹)
701 690 737 748 ab
760 689 938 760 Hieronymo
961 687 1104 746 Cardiano
1127 689 1286 762 descripta,
1310 708 1382 763 quae
1440 676 1445 684 ⁵

239 799 333 852 totum
354 791 425 849 illud
447 791 586 861 temporis
607 791 729 861 spatium
751 789 786 846 ab
809 788 969 847 Alexandri
983 789 1085 861 Magni
1106 805 1195 861 usque
1217 789 1254 846 ad
1278 789 1383 862 Pyrrhi

238 898 362 951 mortem
386 890 588 962 (tie-272),
610 890 653 948 vel
675 888 800 948 fortasse
815 891 902 947 etiam
923 888 1032 959 aliquot
1052 903 1143 946 annos
1165 889 1286 961 amplius
1308 905 1382 948 com·

240 995 327 1066 plexa
350 996 402 1061 est,
425 997 537 1048 tantum
559 1006 616 1047 non
637 994 699 1048 tota
721 990 857 1064 perierit,
887 987 924 1046 ad
946 1003 1035 1060 genus
1061 987 1204 1046 scribendi
1233 992 1261 1045 et
1288 993 1382 1048 mores

240 1096 301 1152 eius
335 1091 531 1149 diiudicandos
562 1109 597 1149 ex
621 1087 787 1161 fragmentis
808 1088 977 1160 perpaucis,
1001 1102 1073 1159 quae
1095 1092 1208 1145 serrata
1229 1093 1305 1159 sunt,
1325 1105 1383 1147 non

236 1194 329 1250 ,multa
353 1193 426 1248 sumi
455 1188 583 1262 poss'unt.
637 1191 775 1248 Attamen
807 1203 843 1244 ex
874 1185 1042 1258 fragmentis
1078 1189 1106 1244 in
1139 1189 1216 1246 uitae
1237 1188 1384 1260 Pyrrhia

240 1292 396 1350 Plutarcho
420 1292 581 1363 descriptae
608 1307 631 1347 c.
657 1293 704 1354 17,
736 1291 783 1353 19,
813 1290 855 1344 27·
883 1286 1002 1344 servatis
1030 1286 1084 1345 hoo
1114 1287 1284 1346 concludere
1315 1289 1384 1347 licet

239 1395 409 1465 scriptorem
432 1392 512 1449 illum
533 1406 666 1447 numeros
681 1405 738 1447 non
753 1390 783 1446 in
798 1388 889 1445 maius
910 1387 1033 1456 auxisse,
1056 1385 1105 1444 sed
1126 1384 1192 1444 fidei
1214 1392 1243 1445 et
1268 1388 1384 1445 ueritati

241 1493 306 1565 plus
338 1508 421 1562 quam
444 1493 554 1548 animos
575 1490 730 1562 legentium
760 1486 954 1545 commovendi
986 1484 1080 1543 studio
1108 1484 1261 1557 tribuisse3
1292 1504 1383 1559 neque

243 1593 425 1663 splendorem
459 1596 488 1648 et
519 1590 642 1662 speciem
674 1589 813 1647 orationis
846 1586 967 1644 eundem
998 1590 1139 1644 sectatum
1171 1603 1236 1644 esse
1257 1592 1384 1646 testatur

242 1692 362 1762 Dionys.
384 1691 419 1747 de
442 1706 532 1760 comp.
555 1688 633 1745 verb.
656 1705 679 1745 c.
701 1691 729 1743 A.

327 1787 383 1846 Sed
404 1787 497 1857 plura,
529 1787 585 1843 nisi
606 1782 699 1856 fallor,
729 1801 813 1856 quam
836 1803 872 1843 ex
892 1783 1078 1858 fragmentis,
1113 1803 1148 1843 ex
1170 1789 1231 1858 eie,
1254 1804 1326 1859 quae
1349 1789 1384 1846 de

243 1887 412 1957 Hieronymi
444 1886 501 1942 vita
533 1884 687 1943 memoriae
706 1885 834 1954 prodita
862 1890 943 1954 sunt,
976 1891 1197 1957 consequuntur.
1254 1886 1327 1943 Nam
1349 1886 1384 1943 ab
1450 1928 1453 1935 .

226 1987 381 2053 'Eumene
404 1986 448 2042 cui
470 1985 595 2043 amicitia
617 1985 865 2042 coniunctissimus
894 1982 983 2043 fidum
1006 2001 1036 2042 se
1057 1987 1218 2057 praestitit,
1242 1986 1279 2044 ad
1300 1985 1383 2044 Anti·

243 2090 367 2158 patrum,
389 2084 464 2142 idem
484 2091 585 2156 postea
606 2083 643 2142 ah
665 2084 812 2156 Antigono
834 2085 872 2144 ad
892 2083 1051 2143 Eumenem
1072 2088 1184 2160 legatus
1207 2088 1308 2144 missus
1329 2090 1383 2142 est.

243 2185 356 2242 Deinde
389 2185 424 2243 ab
445 2185 591 2258 Antigono
625 2190 725 2256 captus
758 2185 837 2242 lacus
867 2185 1050 2257 Asphaltitae
1082 2186 1242 2245 custodiam
1273 2186 1383 2258 accepit

243 2284 340 2357 (Diod.
361 2285 442 2353 XIX,
468 2286 547 2358 100),
571 2283 672 2356 Syriae
693 2286 858 2357 provinciae
879 2284 917 2342 ab
939 2286 1040 2344 eodem
1067 2284 1193 2359 (loseph.
1214 2291 1314 2345 contra
1328 2287 1384 2358 Ap,

243 2385 265 2454 l,
287 2384 351 2454 23),
374 2390 475 2455 postea
502 2383 640 2443 Boeotiae
662 2400 680 2441 a
700 2382 848 2442 Demetrio
862 2376 864 2380 ’
877 2382 966 2456 (Plut.
988 2386 1071 2444 Dem.
1093 2401 1118 2442 o.
1142 2382 1384 2457 {imperfectus

242 2492 300 2555 est;
331 2485 453 2557 denique
475 2503 538 2544 eum
559 2501 669 2544 summo
696 2483 795 2543 lavore
817 2485 973 2558 amplexus
1004 2490 1048 2542 est
1071 2485 1232 2558 Antigonus
1253 2483 1383 2542 Gonatas

244 2583 343 2662 (Pane.
366 2584 388 2656 I,
415 2587 461 2654 13,
486 2577 530 2659 9).
572 2584 634 2643 Iam
658 2602 736 2655 vero,
760 2587 804 2643 cui
827 2591 855 2643 et
876 2587 1019 2646 Eumenes
1040 2590 1069 2642 et
1088 2585 1247 2658 Antigonus
1267 2586 1383 2656 eiusque

242 2686 316 2743 iilius
338 2691 366 2743 et
386 2701 475 2758 nepos
499 2701 635 2743 summam
657 2684 742 2745 fidem
763 2685 940 2754 habuerunt,
973 2685 1021 2757 qni
1052 2685 1082 2743 in
1110 2688 1153 2743 rei
1180 2684 1311 2758 publicae
1333 2683 1383 2742 ad·

242 2786 451 2843 ministratione
473 2784 570 2843 floruit
592 2791 678 2858 atque
700 2787 816 2865 summis
833 2785 988 2845 honoribus
1009 2783 1126 2843 innotus
1150 2791 1201 2855 est,
1224 2802 1288 2843 eum
1309 2789 1384 2841 tem·

242 2887 322 2956 poris
344 2886 387 2942 sui
409 2884 495 2943 rebus
516 2883 712 2943 describendis
732 2886 800 2943 satis
827 2885 961 2944 idoneum
984 2902 1047 2943 esse
1069 2886 1212 2957 oportuit,
1247 2885 1383 2955 quoniam

240 2984 354 3044 facilius
376 3001 460 3058 quam
482 2986 531 3043 alii
552 2986 691 3061 pleraque
721 3001 894 3058 cognoscere
915 2987 1020 3065 potnit.¹
1060 2986 1100 3043 Et
1117 3000 1189 3042 nero
1211 3000 1244 3042 eo
1266 2982 1383 3040 maioris

241 3087 377 3143 momenti
398 3102 444 3143 res
465 3090 565 3157 gestae
586 3084 622 3143 ab
644 3100 679 3143 eo
707 3086 813 3143 litteris
836 3086 988 3144 mandatae
1008 3084 1177 3143 iudicandae
1199 3088 1282 3151 suut,
1317 3085 1383 3154 qnia
1435 3119 1441 3137 .

241 3203 300 3257 non
319 3186 415 3263 paucis
437 3187 495 3258 ipse
516 3184 703 3257 interfuerat3
728 3202 812 3257 quem
823 3184 1053 3258 Agatharchides
1076 3178 1231 3259 ([hucian.]
1254 3183 1382 3242 Macrob.

239 3300 265 3340 c.
289 3281 342 3357 22)
364 3286 482 3344 multum
504 3286 533 3342 in
555 3286 639 3343 bellis
661 3289 824 3358 versatum,
858 3286 962 3344 multos
992 3285 1106 3343 labores
1128 3290 1157 3342 et
1178 3285 1296 3342 vulnera
1316 3300 1382 3356 per-

243 3398 354 3452 pessum
386 3402 449 3443 esse
482 3403 536 3444 nec
568 3393 665 3444 tamen
697 3402 787 3458 usque
819 3385 855 3444 ad
887 3387 1017 3443 ultimum
1044 3385 1121 3443 vitae
1152 3384 1229 3442 diem
1249 3385 1278 3441 in
1298 3384 1382 3440 ullius

243 3498 343 3540 sensns
360 3501 412 3542 usu
434 3491 484 3543 aut
512 3488 636 3545 sanitate
657 3486 812 3558 quidquam
834 3485 1013 3543 desiderasse
1040 3484 1242 3554 hominumque
1264 3499 1382 3542 consue-

241 3582 336 3639 tudini
356 3599 467 3657 semper
489 3592 589 3658 aptum
611 3585 698 3643 fuisse
720 3584 819 3642 tradit.

327 3682 467 3752 Quoniam
488 3684 523 3743 de
543 3685 713 3757 Hieronymi
736 3686 796 3742 vita
828 3689 857 3742 et
878 3684 1000 3742 historia
1020 3684 1163 3759 diximus,
1196 3699 1270 3741 nuuc
1291 3698 1383 3755 pauca

241 3783 388 3854 addamus,
412 3801 486 3855 quae
507 3801 541 3843 ex
562 3786 682 3845 Diodori
704 3790 732 3842 et
747 3782 906 3854 Plutarchi,
920 3785 945 3867 si
964 3788 1042 3842 recte
1057 3799 1106 3842 eos
1121 3785 1171 3842 illo
1192 3786 1310 3842 auctore
1331 3781 1383 3840 niti

242 3885 437 3956 probavimur,
459 3885 648 3944 relationibus
670 3885 803 3957 perlectis
824 3885 860 3942 ad
881 3900 974 3942 mores
996 3885 1055 3942 eius
1078 3890 1108 3942 et
1129 3883 1273 3942 scribendi
1293 3884 1383 3940 ratio-

242 4002 307 4042 nem
327 3982 511 4042 illustrandos
531 3987 711 4056 proueniunt.
753 3984 824 4042 Inde
845 3986 943 4057 igitur,
967 3984 1043 4056 quod
1065 3984 1103 4043 ad
1119 3984 1270 4043 historiam
1291 3984 1384 4054 ipsam

240 4085 351 4154 attinet,
377 4081 550 4141 Gordianum
581 4083 661 4141 illum
683 4085 889 4155 descriptiones
911 4084 1015 4154 etiam,
1049 4099 1121 4155 quae
1155 4085 1246 4141 minus
1276 4081 1314 4139 ad
1335 4095 1382 4137 res

240 4191 337 4258 gestas
358 4183 549 4256 pertinebant,
571 4200 772 4257 nonuunquam
794 4183 948 4242 inseruisse
976 4178 1025 4255 (cf.
1047 4182 1132 4242 Diod.
1155 4181 1234 4253 XIX,
1260 4182 1308 4248 94,
1333 4181 1389 4254 98,
1423 4252 1425 4255 .

314 4401 334 4466 1)
354 4399 386 4489 cf.
408 4403 540 4457 Usener.
550 4401 577 4454 iu
594 4401 665 4454 Mus.
684 4400 769 4454 Rheu.
788 4398 888 4468 XXIX,
907 4397 941 4453 36
958 4403 1011 4452 not.
1030 4398 1055 4450 2.
